2864 4810
208 423 1202 458 w

350 675 642 804 THEQPHILI
670 675 1052 778 WERNSDORFII

486 949 917 1058 DISPUTATIO

342 1227 387 1277 ott
404 1225 516 1278 AENEAE
532 1228 643 1280 GAZAEI
659 1229 820 1280 nurrtotttt
838 1229 1062 1280 tuouNANun.

504 1506 898 1538 --ψ-ψ--ιοοο--ψ

239 1949 263 2004 1.
275 1949 393 2006 AEmnm
407 1950 560 2016 Gazaeum,
571 1943 655 2021 cujus
665 1942 896 2021 elegantissimos
908 1941 1004 2004 libror
1011 1945 1061 2005 hic
1071 1946 1203 2020 edimus,

199 2052 269 2100 ante
289 2043 386 2100 omnia
407 2061 575 2114 monemus,
599 2041 826 2102 discernendum
846 2041 883 2102 ab
905 2041 970 2102 aliis
990 2042 1123 2121 ejusdem
1145 2062 1202 2099 no·

197 2137 287 2196 minis
294 2138 366 2195 viris
380 2158 457 2208 esse3
467 2159 528 2195 nou
541 2139 636 2196 solum
651 2137 689 2196 ab
703 2144 795 2198 AEnea
805 2139 995 2198 Ptolemaidis
1007 2141 1038 2197 in
1051 2139 1203 2198 Phoenicia

198 2232 341 2310 episcopo
359 2232 477 2288 concilii
490 2231 602 2288 Nicaeni
623 2231 823 2308 temporibus,
845 2248 932 2309 atque
949 2233 987 2291 ab
1006 2239 1096 2293 AEnea
1117 2230 1204 2292 Pari-

195 2328 263 2386 sino
274 2328 414 2404 praesule,
424 2325 476 2384 sed
488 2327 615 2384 maxime
627 2325 665 2384 ab
676 2331 771 2384 AEnea
781 2328 886 2384 Gazaeo
898 2326 1006 2398 altero,
1019 2327 1082 2404 qui,
1092 2327 1205 2406 pariter

194 2430 275 2484 Gaza
290 2436 389 2497 ortus,
407 2423 511 2502 patriae
532 2421 614 2482 urbis
635 2424 724 2482 sacris
740 2422 861 2500 praefuit
880 2435 1022 2500 regnante
1036 2421 1204 2481 Theodosio

195 2511 365 2600 superiore,
376 2532 465 2599 atque
475 2519 623 2578 cathedrae
636 2538 835 2578 successorem
848 2517 953 2578 habuit
962 2522 991 2578 S.
1004 2517 1203 2598 Porphyrium

196 2639 224 2676 a.
248 2635 371 2691 cccxcv,
390 2617 435 2676 uti
451 2637 487 2678 ex
500 2616 636 2676 Bollandi
649 2617 732 2676 Actis
747 2629 837 2675 sanct.
854 2636 880 2673 a.
897 2615 926 2675 d.
946 2617 983 2673 26
999 2614 1086 2675 Febr.
1101 2627 1203 2674 narrat

200 2713 270 2776 Seb.
292 2715 498 2776 Tillemontius
514 2712 678 2772 Hist'eccl.
695 2725 714 2772 t.
731 2734 777 2786 ro,
791 2734 823 2792 p.
838 2715 866 2786 3,
885 2733 914 2792 p.
932 2711 1001 2782 135;
1016 2724 1045 2771 et
1058 2712 1204 2772 Baronius

200 2822 224 2867 t.
240 2809 269 2883 5,
289 2829 317 2868 a.
340 2810 410 2888 398,
432 2817 448 2884 ς
469 2831 518 2886 97.
540 2813 647 2867 Noster
663 2809 767 2868 rhetor
783 2808 841 2868 hoo
859 2808 924 2867 cive
944 2828 998 2867 suo
1018 2808 1091 2868 vixit
1108 2807 1225 2892 multo*

199 2907 304 2966 serius.

235 3005 275 3062 11.
290 3007 348 3062 Res
364 3003 401 3062 ad
417 3021 483 3062 eum
496 2993 680 3082 pertinentes
694 3001 857 3080 attigerunt
871 3013 922 3060 aut
933 3014 1205 3062 commemorarunt

104 3136 106 3140 .
192 3100 257 3176 jam
277 3099 345 3174 alii,
366 3119 440 3177 quos
466 3099 570 3173 lector,
591 3099 616 3156 si
636 3087 713 3166 vult,
738 3097 820 3156 adire
841 3096 952 3174 poterit
967 3117 1091 3175 :nempe
1113 3102 1203 3158 Cour.

195 3197 349 3254 Gesnerus
368 3195 400 3252 in
422 3193 498 3254 Bibl.
517 3213 548 3272 p.
571 3194 626 3264 13;
645 3191 719 3250 noh.
737 3192 931 3250 Bellarminus
947 3195 992 3250 De
1013 3191 1113 3272 script.
1132 3193 1205 3250 eccl.

195 3309 229 3367 p.
248 3289 304 3349 123
313 3309 323 3362 3
337 3287 413 3346 Aub.
425 3291 547 3349 Miraeus
561 3293 682 3350 Auctar.
698 3290 735 3348 de
748 3289 863 3367 scriptt.
876 3289 947 3347 eccl.
964 3309 989 3347 c.
1008 3308 1074 3364 109,
1086 3308 1115 3368 p.
1132 3309 1205 3361 2025

202 3390 252 3448 Du
263 3385 336 3458 Pin,
350 3383 425 3446 Bibl.
440 3385 493 3444 des
507 3398 627 3445 auteurs
641 3386 714 3443 eccl.
729 3399 749 3443 t.
766 3396 794 3458 4,
808 3405 838 3464 p.
855 3385 911 3442 280
920 3406 929 3457 ;
942 3383 1022 3442 Guil.
1037 3387 1115 3442 Cave
1128 3386 1203 3444 Hist.

199 3481 259 3540 litt.
276 3482 376 3562 script.
393 3484 464 3542 eccl.
480 3503 545 3546 saec.
563 3483 590 3556 5,
604 3503 634 3562 p.
653 3465 725 3562 297}
742 3484 847 3542 Boron.
864 3491 933 3540 Ann.
951 3481 1020 3554 484,
1036 3487 1050 3554 S
1065 3503 1117 3560 903
1136 3487 1159 3542 1.
1173 3491 1204 3541 Α.

202 3576 319 3640 Fabric.
343 3579 418 3641 Bibl.
441 3601 485 3660 gr.
507 3593 526 3640 t.
552 3602 578 3652 1,
601 3581 621 3639 l.
644 3599 672 3653 a,
698 3600 743 3653 ιο,
768 3601 815 3660 29,
835 3600 864 3658 p.
883 3588 952 3652 427‚
974 3591 1004 3637 et
1030 3579 1060 3636 in
1083 3576 1210 3654 Syllebo¹

202 3674 302 3753 script.
320 3675 357 3736 de
371 3697 433 3736 ver.
450 3677 504 3736 rel.
523 3677 593 3737 Chr.
616 3696 641 3735 c.
656 3695 684 3748 a,
699 3683 714 3748 ς
730 3697 778 3751 27,
792 3698 820 3753 p.
839 3697 909 3750 ¹⁰73
932 3679 955 3735 1.
973 3677 1108 3734 Brucker.
1129 3673 1204 3730 Hist.

202 3770 276 3850 phil.
288 3784 310 3832 t.
327 3771 356 3844 3,
369 3793 399 3854 p.
418 3774 492 3846 5263
507 3779 540 3834 L.
554 3772 664 3832 Morari
679 3776 757 3833 Dict.
769 3773 837 3832 hist.
853 3793 881 3851 p.
899 3794 934 3846 77
944 3795 952 3846 3
964 3771 1118 3830 Morellius
1128 3766 1204 3826 Bibl.

204 3870 281 3926 Patr.
301 3881 322 3926 t.
341 3890 386 3942 ιι,
406 3891 435 3948 p.
455 3872 529 3945 6173
546 3873 626 3929 neat.
642 3869 802 3929 Rhenanus
821 3869 907 3928 Praes.
927 3868 963 3925 ad
978 3865 1100 3925 Paulum
1120 3863 1204 3924 Wol-
