2818 4814
252 473 294 548 64
638 463 842 534 ΔῙΝΕΙΑΣ

252 631 347 690 τοῦτο
361 619 531 712 τεθαόμαιιε
545 617 596 686 καὶ
616 617 753 702 ἀπιστεῖ,
768 623 785 683 ό
803 615 872 695 τοθς
888 617 1053 708 προγόνους
1070 603 1238 698 Ᾰθηναίους

253 750 438 842 αὐτόχθονας
463 713 557 842 (ὄνὲν)
578 743 651 816 εἶναι
668 747 851 840 πειθόμενος.
878 746 941 814 Καὶ
960 749 1159 838 μήνταότην
1182 753 1237 823 τὴν

175 876 177 880 ’
252 882 396 952 ἀπιστίαν
416 868 511 974 (514)
528 883 700 976 προανελὼν
717 886 732 948 ό
754 872 936 974 θημιουργθς
949 889 1088 948 τοσαῦτα
1101 881 1238 972 θεάματα

131 1095 137 1107 ¹
250 1019 450 1109 παραπλήσια
469 1005 612 1100 θίθυσιν,
637 1019 676 1092 ὡς
700 1007 736 1078 ἀν
760 1005 838 1105 μηδὲ
856 1019 948 1082 έκεῖνο
970 992 1090 1105 ὕστθρον
1108 1010 1237 1082 ἀπιστον

251 1149 373 1240 ὀφθείη,
392 1147 442 1215 καὶ
460 1151 516 1222 τὴν
530 1157 586 1242 γῆν
602 1141 716 1242 ἐξάγειν
730 1148 841 1214 κελεύει
854 1144 955 1214 πολλὰ
973 1147 1025 1238 μὲν
1040 1138 1122 1232 ζῶα,
1137 1145 1239 1215 πολλὰ

253 1275 287 1348 δὲ
301 1278 397 1374 φυτά,
414 1281 506 1374 ’μυρία
522 1271 557 1348 θὲ
575 1283 755 1374 σπέρματα,
777 1273 994 1374 προγυμνάζων
1013 1278 1052 1358 εἰς
1072 1279 1181 1364 τόκον,
1201 1287 1240 1358 ὡς

252 1409 288 1480 ἀν
313 1416 353 1505 μὴ
380 1414 481 1480 καινὸν
501 1399 596 1502 (515)
623 1416 700 1504 αὐτῇ
730 1401 804 1504 θόξγ,
834 1409 1096 1504 τὸπρόσταγμα.
1116 1409 1154 1478 Εἰ
1179 1409 1237 1503 γὰρ

253 1539 354 1623 ζῶντα
384 1547 515 1635 σώματα
543 1542 595 1609 καὶ
620 1541 743 1635 ἔμψυχα
768 1535 914 1630 θίθωσιν,
940 1547 996 1610 οὐκ
1023 1538 1061 1616 θον
1085 1545 1131 1610 έτι
1158 1537 1239 1621 ξένον

252 1673 352 1771 ὀφθείη
369 1673 449 1744 αθτὰ
463 1675 542 1765 μόνα
557 1686 618 1744 τῶν
638 1677 800 1770 ἀνθρώπων
816 1668 1000 1745 ἀποθιθόναι
1013 1674 1055 1744 τὰ
1073 1679 1213 1770 σώματα.

644 1819 850 1867 ΘΕΟΦΡΑΣΤΟΣ.

305 1919 398 2007 ἔστιν
414 1937 435 2033 η’
448 1938 567 2017 πείθεις.
582 1927 658 2006 Am
673 1939 697 2004 εἰ
714 1939 766 2030 μὲν
782 1940 819 2007 τὸ
835 1948 924 2032 σῶμα
937 1939 1169 2032 μεμορφωμένου
1183 1930 1243 2004 θεέ-

252 2097 365 2164 μεινεν,
384 2075 439 2139 οὐκ
462 2071 607 2140 ἀπίθανον
625 2070 660 2146 ἦν
680 2070 761 2150 αὖθις
782 2076 881 2165 ὥσπερ
901 2070 940 2148 εἰς
962 2066 1090 2164 άγαλμα
1111 2073 1168 2145 τὴν
1190 2068 1242 2159 φυ-

251 2207 310 2297 χάην
332 2195 497 2271 ὑποθάναε·
517 2204 542 2274 εἰ
558 2196 592 2272 δὲ
611 2210 732 2271 πολλῶν
750 2206 826 2272 ἐτῶν
844 2210 863 2280 ἡ
887 2213 942 2270 τοῦ
958 2205 1099 2295 σώματος
1114 2202 1242 2297 ἁρμονία

250 2338 394 2423 λέλυται,
417 2349 482 2416 πῶς
497 2331 675 2431 ἀνέστεφον
694 2339 777 2422 αὐτῷ
789 2339 942 2428 ,χρήσαιτο
958 2320 1054 2427 (516)
1067 2367 1076 2425 ς

631 2507 633 2512 ,
669 2475 831 2522 Alrrn'roz.

305 2580 337 2663 131
350 2623 407 2664 που
423 2593 483 2686 ἀρα
496 2590 538 2661 τά
551 2595 623 2687 παρ’
637 2600 708 2686 ἡμῖν
731 2596 861 2686 σώματα
876 2580 969 2686 (517)
993 2586 1103 2686 ῥαδίως
1117 2587 1243 2660 ἁναόιόι·

254 2750 354 2792 σεται·
369 2731 467 2793 κεῖται
482 2723 541 2817 γὰρ
556 2727 792 2818 τεταριχευμένα
807 2726 857 2793 καὶ
877 2727 951 2821 πρὸς
967 2719 1123 2818 ὑποθοχὴν
1145 2724 1241 2819 ψυχῆς

253 2861 372 2949 ἕτοιμα.

587 2972 589 2990 ”
666 2997 821 3046 monos,

307 3109 352 3199 Ως
373 3123 491 3214 εὔχαρις
515 3126 531 3188 ό
548 3120 706 3214 Αἴγυπτος
728 3108 836 3211 (518)!
853 3127 869 3188 ὁ
889 3113 924 3188 δὲ
940 3119 1134 3212 Θεόφραστος
1156 3119 1242 3186 οὕτω

252 3255 434 3327 κατενόησεν
447 3260 486 3330 ὡς
500 3243 586 3320 οὐθὲν
602 3242 736 3344 διαφέρει
750 3253 851 3343 νεκρὸς
867 3245 1018 3342 διαχυθεὶς
1033 3249 1084 3319 καὶ
1103 3251 1243 3338 ἕτισυμ-

253 3387 413 3476 πεπηγώς·
429 3383 539 3474 ὁμοίως
553 3383 610 3478 γὰρ
626 3389 654 3452 ἐν
669 3385 852 3476 ἀμφοτέροις
869 3391 889 3458 ἡ
904 3381 1032 3474 ἁρμονία
1047 3374 1241 3448 διαλέλυται·

253 3516 358 3610 οὐγὰρ
375 3510 410 3583 ἀν
428 3516 580 3590 ἀποσταίη
596 3519 769 3610 σώματσςη
785 3512 885 3607 ψυχὴ,
904 3516 945 3606 μὴ
960 3524 1016 3593 τῆς
1030 3517 1172 3610 ἁρμονίας
1189 3521 1240 3582 λυ-

255 3648 368 3728 θείσης,
395 3654 472 3716 ὥστε
495 3659 551 3718 τοῦ
575 3653 782 3744 γεγραμμένου
808 3655 824 3715 ό
848 3649 950 3738 νεκρὸς
974 3643 1129 3741 ἅνθρωπος
1153 3638 1240 3715 οὐθὲν

255 3783 401 3876 ἀμείνων,
421 3784 469 3849 ότι
495 3781 535 3873 μη
555 3781 605 3850 καὶ
629 3771 723 3874 (519)
747 3779 963 3874 ἀσθενέστερος.
989 3766 1018 3846 O
1037 3781 1090 3873 μὲν
1112 3779 1171 3875 γάρ
1190 3780 1241 3848 καὶ

256 3919 378 4009 εόγρους
394 3942 427 3983 τε
441 3913 492 3982 καὶ
505 3918 535 3981 έν
549 3921 625 4008 ὥρᾳ·
640 3921 656 3982 ό
671 3906 705 3980 δὲ
721 3915 898 3993 ἀπηνθηκιλς
915 3913 966 3980 καὶ
978 3917 1054 3992 όλως
1073 3908 1191 4008 ἔξωρος.
1203 3899 1240 3984 Η

303 4014 307 4046 θ
1037 4012 1049 4038 Ι

714 4240 724 4278 l
