2864 4810
527 475 531 482 .
556 423 872 493 DISPUTATIO.
1142 427 1216 510 xxiij

219 567 317 628 studio
329 564 524 646 philosophos
534 583 645 644 graecos
655 564 790 624 imitandi
799 583 917 624 excuso.
931 567 999 626 Non
1009 565 1101 645 magis
1112 565 1220 645 placet,

217 665 298 744 quod
313 665 377 743 ipse
390 661 582 722 monasticam
601 663 692 720 vitam
706 661 866 741 impensius
881 660 995 735 laudat,
1012 662 1093 741 quotl
1113 683 1129 723 a
1147 663 1218 724 teli-

216 762 293 840 quiis
312 773 482 820 sanctorum
498 777 658 838 corporum
679 757 815 837 prodigia
829 757 878 816 edi
898 756 1106 838 daemonesque
1121 760 1221 839 lugeri

217 859 378 933 existimat,
387 856 469 936 quod
483 857 570 916 valde
584 855 724 914 credulus
737 856 884 935 proteris
898 856 983 916 lactis
996 856 1219 917 miraculator·

215 956 401 1014 choretarum
416 965 635 1013 commemorat.
650 951 709 1012 Sed
726 972 762 1011 ea
776 964 955 1032 temporum,
972 953 1218 1034 conscriptoris,

216 1052 361 1110 vitia'esse
377 1049 518 1110 arbitror.
536 1048 663 1108 Vivebat
679 1048 758 1108 enim
774 1068 809 1107 es
826 1061 927 1122 aetate,
943 1069 1001 1128 qua
1014 1049 1088 1131 nibil
1102 1052 1216 1111 entele-

214 1147 339 1206 rebatur
361 1147 574 1206 monachorum
594 1144 702 1216 rebus,
726 1158 757 1203 et
778 1164 835 1224 qua
852 1145 900 1204 vel
926 1146 1156 1226 sapientissimus
1172 1147 1218 1207 vir

215 1261 408 1320 srrmmusque
426 1241 580 1320 theologus
594 1241 798 1301 Theodoretus
813 1243 843 1301 in
854 1243 923 1302 hist.
939 1243 1075 1322 religiosa
1088 1244 1125 1304 ad
1139 1263 1217 1310 cout-

216 1345 318 1398 munes
332 1359 447 1398 errores
457 1339 598 1418 abreptus
609 1339 746 1418 desipere
754 1328 925 1420 cogebatur.
936 1345 1045 1415 Quare,
1057 1343 1081 1401 si
1096 1343 1216 1402 fortuna

213 1441 244 1497 in
255 1452 388 1497 nostrum
401 1438 517 1497 delatus
528 1438 631 1498 suisset
646 1459 756 1511 aevum,
769 1438 915 1499 recideret
928 1438 984 1498 sibi
999 1439 1142 1500 nonnulle
1153 1441 1217 1520 ipse

134 1543 141 1550 '
214 1533 386 1611 cautiusque
399 1532 521 1590 sentiret
536 1531 574 1590 de
587 1531 696 1590 multis.
712 1531 791 1590 Illud
805 1531 893 1590 etiam
909 1531 1030 1592 moleste
1042 1533 1118 1606 lero,
1134 1533 1214 1612 quod

214 1631 244 1688 in
258 1636 333 1710 Epp.
347 1631 487 1708 profanas
502 1628 647 1688 dictiones
660 1627 810 1687 interdum
823 1641 946 1708 usurpat
959 1639 989 1687 ot
1002 1628 1217 1688 christianoin·

214 1727 353 1801 decoras,
369 1739 401 1785 ut
414 1747 483 1785 cum
497 1731 551 1805 Ep.
563 1726 591 1799 5,
603 1725 687 1804 jurat
704 1721 816 1804 plrobe
832 1723 916 1792 denir·
931 1729 987 1805 Ep.
1002 1747 1030 1799 7,
1045 1727 1085 1785 ait
1103 1721 1216 1793 accidia

213 1821 386 1902 ποιησώμεθα
399 1827 465 1882 θεῶν
482 1820 530 1902 μὲν
551 1821 659 1906 Ἑρμῇ,
680 1818 825 1902 ἀνθρώπων
845 1820 874 1880 dl
889 1819 1040 1905 Ἡροδότῳ·
1059 1837 1090 1883 et
1108 1827 1165 1902 Ep.
1183 1823 1215 1898 8,

217 1919 314 1982 Φίλιον
328 1919 381 1979 Δία
393 1920 536 1978 nominat.

255 2021 328 2075 Cum
345 2017 400 2074 ista
419 2035 491 2074 vero
506 2036 605 2074 rerum
620 2015 787 2074 divinarum
802 2016 910 2094 peritia
922 2015 1126 2078 incredibilem
1141 2035 1216 2076 eon-

212 2113 308 2190 jungit
318 2113 448 2189 profanae
461 2111 635 2170 eruditionis
649 2112 774 2191 copiam.
786 2114 873 2172 Nulla
883 2113 1071 2173 historiarum
1083 2125 1215 2176 veterum

217 2228 303 2287 pars,
322 2208 382 2265 sive
401 2227 471 2265 vera
490 2195 554 2265 sive'
568 2207 725 2280 fabularis,
742 2209 843 2288 ignota
860 2210 916 2287 ipsi
938 2210 1006 2284 luit,
1025 2222 1059 2268 ut
1074 2230 1151 2287 saepe
1167 2228 1216 2268 eas

214 2304 384 2362 reconditas
400 2323 446 2362 res
462 2315 578 2376 narret,
593 2323 716 2382 quarum
730 2305 904 2366 memoriam
917 2304 996 2383 apud
1011 2304 1084 2362 alios
1095 2305 1218 2382 scripto-

212 2421 259 2460 res
276 2403 417 2460 rariorem
435 2399 652 2484 deprehendas.
676 2402 841 2462 Historieos
861 2411 958 2460 autem
975 2421 1010 2460 ac
1030 2399 1217 2478 mythologos

214 2513 328 2558 veteres
341 2513 415 2577 quot
426 2499 545 2576 legerit,
561 2499 739 2577 intelligitur
754 2520 791 2558 ex
807 2500 856 2573 iis,
874 2519 941 2578 quse
955 2500 985 2558 in
1002 2512 1059 2557 tant
1074 2515 1168 2576 parto
1182 2499 1216 2557 li·

211 2595 292 2656 bello
306 2609 387 2655 tanta
401 2597 486 2676 copia
496 2617 533 2654 cx
542 2596 713 2669 Herodoto,
725 2595 866 2671 Eudoxo,
878 2595 1022 2671 Pindaro,
1032 2593 1218 2673 Thucydide,
1281 2661 1286 2673 ‚

211 2694 407 2773 Apollodoro,
430 2695 555 2772 aliisque
577 2714 657 2753 nunc
679 2693 804 2774 perditis
823 2692 1018 2773 scriptoribus
1041 2694 1215 2752 recitantur.

211 2791 382 2850 Homericos
399 2789 528 2869 denique
541 2792 703 2850 sententias
716 2810 751 2849 ac
766 2789 910 2849 dictiones
922 2811 1011 2869 quam
1025 2790 1098 2848 scite
1111 2808 1217 2867 quam-

204 2889 269 2966 que
283 2903 406 2948 venuste
421 2889 531 2967 passim
549 2902 688 2967 usurpet,
712 2887 805 2947 vides.
824 2885 1025 2966 Philosophiae
1043 2899 1141 2946 autem
1158 2905 1216 2944 ve-

212 2985 281 3044 teris
306 2999 428 3064 quanta,
445 2986 593 3064 cognitio!
625 2997 772 3045 sectarum
800 2985 877 3044 enim
905 2997 1077 3044 cunctarum
1106 2982 1215 3063 placita

212 3081 317 3140 habuit
337 3097 477 3162 percepta
492 3083 667 3142 :Platonem
691 3082 901 3160 Plotinumquc
921 3081 1140 3140 devoraverat:
1156 3080 1216 3157 pla·

213 3179 341 3236 tonicam
359 3195 455 3239 autem
474 3200 527 3238 seu
543 3179 766 3238 alexandrinam
785 3166 970 3258 disciplinam
988 3179 1031 3235 sic
1053 3176 1164 3247 tenuit,
1182 3191 1214 3236 ut

211 3275 356 3344 Hieroclis
374 3275 557 3354 'discipulum
585 3276 670 3334 facile
699 3293 848 3354 agnoscas.
871 3277 1107 3344 Verumtamen,
1134 3271 1213 3332 unde

213 3373 268 3430 viri
281 3391 364 3430 amor
377 3372 440 3430 veri
452 3385 482 3430 et
491 3370 598 3450 judicii
610 3371 753 3450 sagacitas
767 3372 892 3432 maxime
907 3371 1095 3450 perspicitur,
1112 3389 1213 3428 omncs

207 3489 379 3544 percurrens
401 3483 494 3526 tectus
518 3471 563 3525 nil
584 3481 682 3526 tomen
707 3471 817 3526 invertit
840 3469 961 3537 melius,
987 3471 1214 3544 quamcredere

213 3567 337 3624 Christo.
359 3571 466 3644 Neque
486 3566 564 3626 enim
587 3587 624 3624 ex
646 3566 795 3644 platonica
815 3566 916 3626 schola
939 3564 1033 3643 majus
1054 3565 1210 3643 quicquam

212 3663 339 3742 accepit,
352 3663 443 3742 quam
457 3663 623 3722 facultatem
635 3662 1019 3734 contemnendiPlatonem3
1031 3673 1062 3719 ct
1074 3658 1210 3718 doctrina

211 3759 280 3818 inde
290 3773 411 3840 accepta
423 3779 482 3818 uon
494 3759 530 3818 nd
542 3759 621 3818 aliud
634 3759 704 3837 quid
721 3779 790 3819 usus
801 3772 861 3833 cst,
872 3779 959 3838 quam
971 3759 1007 3817 ad
1021 3751 1208 3816 refellendam

214 3879 274 3916 cam
293 3859 467 3918 doctrinam.
491 3862 593 3938 Neque
616 3870 710 3916 tamen
736 3858 814 3916 idem
833 3877 934 3935 passus
952 3869 1007 3927 est,
1022 3848 1103 3930 quod
1121 3867 1210 3928 snpe-
