2864 4810
509 457 822 567 orsrurarm.
1105 523 1167 568 xxv

169 661 223 720 pos
243 653 273 700 et
285 640 371 719 jocus
389 640 480 722 magis
498 623 609 702 iadetus
622 662 710 722 quam
730 643 830 717 dicax,
845 642 940 722 qualis
959 655 1003 702 est
1019 641 1167 704 AEschinis

169 759 201 797 ac
212 739 430 818 Xenophontis.
1153 789 1157 802 .

206 839 289 894 XIV.
302 841 347 896 Eo
362 848 461 895 tamen
472 837 545 896 mihi
559 835 678 895 videtur
690 838 795 896 violari
807 836 838 897 τὸ
851 835 952 920 sipirtus
959 881 969 912 ,
982 837 1064 916 quod
1075 837 1168 898 Athe·

167 933 275 991 niensis
286 933 336 991 illc
348 931 479 1016 πάνσοφος
492 933 732 1013 Theophrastus,
748 934 800 1010 qui
811 933 918 1012 dialogi
932 934 1019 993 initio
1032 933 1170 996 omnibus

169 1051 229 1089 suae
245 1031 521 1090 aetatis-hominihus
541 1031 675 1090 doctrina
691 1030 890 1109 sapientiaque
904 1046 1047 1092 antestare
1065 1031 1169 1111 perhi-

169 1126 269 1196 betur,
283 1147 442 1206 progressu
459 1127 666 1207 disputationis
681 1129 724 1185 nil
742 1141 820 1185 tanta
838 1127 957 1205 dignum
978 1130 1170 1208 promissione

168 1235 307 1302 praestat,
329 1223 429 1299 potius
450 1223 623 1282 brevissime
646 1223 801 1282 dubitandi
820 1223 947 1282 rationes
963 1225 1115 1298 enunciat,
1129 1238 1173 1294 et,

171 1319 226 1378 ubi
240 1317 403 1378 Euxitheus
417 1339 466 1378 eas
480 1320 604 1392 evertit,
620 1321 717 1380 statim
731 1320 822 1379 veluti
839 1319 987 1399 pedaneus
999 1333 1116 1379 senator
1125 1341 1173 1380 as-

170 1414 275 1490 sentit,
289 1427 342 1473 aut
352 1417 434 1474 velut
446 1416 567 1494 ignavus
581 1417 660 1494 pogii
671 1436 729 1474 uno
744 1417 927 1476 exanimatus
939 1416 1101 1476 adversarii
1113 1417 1174 1476 ictu

171 1516 301 1596 palmam
315 1515 405 1574 tradit
420 1538 429 1572 :
445 1529 547 1576 contra
560 1517 736 1586 Euxitheus‚
752 1517 803 1594 qui
818 1537 850 1575 se
869 1516 1001 1576 discendi
1017 1537 1103 1575 causa
1118 1516 1174 1575 ad-

168 1612 284 1670 venisse
299 1613 465 1690 profitetur,
477 1613 629 1672 doctorem
641 1613 728 1671 docet
739 1613 829 1691 idque
843 1611 993 1671 uberrime
1003 1627 1033 1671 et
1045 1613 1175 1692 copiose,

170 1721 206 1767 ut
229 1709 357 1768 docendi
377 1730 465 1770 causa
484 1711 586 1770 dicere
601 1711 747 1770 videatur.
764 1717 829 1784 Qua
844 1711 875 1768 in
892 1732 924 1770 re
944 1725 1042 1769 utrum
1060 1710 1175 1768 reddita

70 1849 72 1854 -
170 1825 307 1884 personae
328 1808 385 1866 sint
406 1809 609 1868 convenientia
634 1808 761 1887 ubique,
780 1808 873 1866 lector
887 1808 1001 1886 judicet
1019 1829 1026 1864 ε
1041 1807 1175 1888 quamvis

172 1903 262 1978 mihi,
284 1905 391 1978 fateor,
417 1908 522 1986 saepius
550 1906 675 1966 subnata
703 1906 831 1985 suspicio
851 1919 910 1977 est,
936 1905 974 1964 ab
994 1911 1084 1966 AEnea
1109 1905 1175 1983 ipso

176 2001 331 2059 doctorem
358 2004 480 2062 atticum
506 2004 627 2063 uberius
652 2004 807 2064 docentem
836 2003 1000 2081 sortitaque
1024 2015 1175 2080 urgentem

173 2097 261 2156 fuisse
277 2098 496 2174 introductum,
514 2102 566 2159 sed
580 2103 672 2159 maios
683 2101 821 2159 librarios
836 2100 974 2179 improbo
985 2099 1113 2179 quodam
1126 2099 1178 2156 im·

173 2192 279 2270 pulsos
296 2195 375 2262 zelo,
390 2213 539 2250 sermones
550 2194 613 2268 ejus
629 2193 659 2250 in
674 2194 891 2270 providentiam
909 2193 955 2251 dei
971 2207 1001 2251 et
1014 2193 1178 2252 doctrinam

176 2291 292 2351 Christi
307 2291 431 2368 injurios
445 2287 584 2347 recidisse
600 2309 635 2346 ac
649 2288 795 2347 mutilasse
809 2300 839 2345 et
850 2308 1017 2359 enervasse,
1031 2300 1065 2346 ut
1074 2287 1180 2345 horum

173 2391 278 2471 potius
294 2388 382 2466 culpa
402 2377 539 2464 tanquam
555 2407 631 2465 puer
648 2397 776 2465 pugnet,
798 2385 850 2462 qui
873 2398 1011 2464 tanquam
1026 2397 1181 2444 veteranus

175 2488 323 2570 gladiator
338 2486 400 2544 sine
413 2484 552 2542 missione
564 2495 747 2563 pugnaturus
767 2480 931 2540 exhibetur.
947 2487 1045 2560 Atque
1058 2481 1089 2539 in
1103 2481 1179 2540 hanc

173 2585 380 2665 suspicionem
405 2582 538 2640 adducor
559 2581 750 2653 consideratis
774 2579 950 2658 quibusdam
966 2580 1038 2638 iocis
1064 2577 1180 2638 ambro-

177 2685 270 2744 sianae
283 2676 557 2758 interpretationis,
573 2698 637 2758 qnae
651 2698 669 2736 a
684 2677 786 2756 graecis
803 2677 910 2735 nostris
928 2677 1049 2734 omnino
1063 2675 1179 2750 absunt,

176 2795 212 2840 ut
227 2781 245 2858 §
265 2779 376 2858 114[n.
392 2776 472 2854 391],
485 2777 618 2854 quamvis
634 2774 671 2834 ab
685 2779 776 2835 AEuea
788 2795 856 2833 vere
870 2775 979 2853 scripta
995 2775 1135 2834 videntur
1150 2761 1195 2834 et⁸

178 2883 394 2944 convenienter
408 2880 526 2959 quidem
535 2880 730 2958 Theophrasti
745 2900 889 2958 personae.
903 2878 1080 2939 Observavit
1091 2879 1180 2938 etiam

179 2985 215 3041 C.
226 2979 364 3040 Barthius
378 2978 502 3038 Advers.
517 2979 545 3052 3,
561 2986 588 3052 4,
601 2998 629 3056 p.
647 2978 713 3046 113,
726 2977 812 3035 istam
823 2976 1019 3052 Theophrasti
1034 2975 1180 3048 inertiam,

178 3076 234 3137 sed
248 3075 352 3134 ironiae
370 3074 501 3133 tribuere
516 3094 581 3132 eam
596 3073 699 3132 maluit
715 3093 721 3130 :
740 3076 848 3130 ironica
863 3085 962 3130 autem
978 3078 1083 3129 AEaeoe
1102 3072 1180 3143 ejus,

178 3173 296 3251 inquit,
312 3193 367 3230 non
375 3193 472 3248 pauca
483 3184 552 3229 sunt
559 3215 570 3243 ,
587 3184 619 3228 ut
631 3192 694 3228 cum
711 3174 792 3228 initio
813 3170 1004 3245 Theophrasti
1013 3188 1077 3224 cum
1088 3169 1183 3250 philo-

176 3265 301 3348 sophtim
314 3283 462 3346 tantopere
472 3273 589 3344 hadar,
603 3291 685 3347 quem
701 3283 802 3344 postea
815 3270 983 3344 dc'scr'pulum
1003 3269 1085 3324 uelut
1101 3286 1183 3324 strum

182 3371 269 3428 docet
279 3389 334 3439 ea,
353 3389 420 3446 quoe
434 3370 496 3446 ipsc
511 3387 542 3427 ee
556 3371 704 3426 docturum
711 3369 890 3440 jactaverat:
907 3377 974 3440 etc,
987 3377 1042 3424 etc.

540 3603 825 3634 u*-
