2864 4810
476 409 479 418 ,
564 343 846 419 ,nortuum
892 369 896 377 ¹
1173 351 1222 428 vij.

218 482 511 575 nequaefuissent
531 501 679 564 resecata
701 512 720 554 n
739 484 921 559 tectoribus
939 509 1007 556 non
1024 488 1141 580 paucis
1160 489 1226 563 de.

218 599 446 678 siderarentur
461 625 518 674 a'c
526 631 606 686 meae
621 609 671 679 sie
692 609 765 702 ipsc
786 633 898 702 operae
922 633 1087 680 nocerem
1117 615 1160 683 Et
1181 612 1222 684 id

218 749 270 794 me
286 727 531 811 confirmabat
515 751 671 824 insuper,
686 730 781 824 quod
791 751 901 826 nuper
911 752 1047 840 qnoque
1064 747 1222 826 repertus

216 849 300 918 fuer
285 867 319 918 u
337 831 440 922 homo
462 853 582 934 doetus
600 855 659 960 qui
680 854 843 959 ineditam
862 856 1129 958 Bartbiauorutn
1147 857 1218 928 nd-

216 975 440 1044 ιειειιιίοιιιιιι
457 992 587 1070 partem
607 992 815 1072 promerete.
829 940 995 1066 tenebris,
1014 997 1148 1053 necnon
1164 1003 1218 1050 re-

215 1095 348 1164 demtor
375 1101 434 1190 qui
460 1101 494 1166 in
523 1124 610 1192 opus
634 1114 703 1168 tam
733 1101 1000 1195 inexspectatum
1032 1101 1216 1172 nummulis
1265 1069 1272 1165 i

217 1243 286 1285 uon
307 1235 469 1311 parceret.
486 1221 569 1289 Inde
595 1222 783 1317 intelligere
803 1223 887 1291 mihi
906 1224 1044 1292 videbar
1063 1225 1214 1294 nondum

216 1339 339 1433 frigere
362 1339 478 1410 saltem
508 1344 600 1436 apud
628 1346 701 1440 ejus
722 1345 903 1439 populares
926 1347 989 1414 viri
1004 1320 1139 1415 'eruditi
1169 1349 1217 1417 fa-

216 1486 321 1546 mam,
338 1478 371 1530 et
388 1462 460 1531 fore
479 1465 514 1532 in
529 1467 731 1549 Germania,
750 1468 803 1536 cui
820 1493 910 1538 nunc
929 1469 1141 1562 potissimum
1162 1494 1214 1538 re·

215 1585 307 1678 gioni
325 1584 407 1654 tales
426 1585 503 1655 libri
519 1587 671 1682 placen-t,
690 1588 831 1659 tectores
850 1591 974 1684 quibus
993 1591 1212 1686 gratificarer.

215 1707 388 1800 Quicquid
401 1709 461 1794 sit,
476 1710 745 1780 Wernsdorfium
759 1709 862 1780 laudo
873 1712 1011 1806 quidem
1027 1713 1217 1782 Barthianis

216 1827 332 1898 falcem
357 1832 451 1900 rubis
475 1833 731 1922 immittentem3
758 1859 835 1904 eum
867 1834 993 1904 imitari
1020 1859 1089 1903 non
1115 1859 1215 1904 ausus

198 1976 300 2052 sum.

263 2077 415 2144 Lectoris
432 2078 540 2146 critici
560 2103 598 2146 ac
623 2078 731 2147 futuri
759 2078 897 2147 editoris
923 2079 1031 2172 gratia
1054 2079 1216 2172 descripsi

165 2243 167 2286 3
216 2210 249 2260 ct
271 2195 431 2278 ¹absoluto
459 2195 623 2262 volumini
648 2198 762 2264 addidi
789 2199 928 2266 latinam
954 2203 1066 2270 AEneae
1088 2202 1214 2268 versio·

216 2342 312 2402 nem,
339 2341 439 2411 quam
466 2316 547 2386 oli-m
570 2317 768 2388 Ambrosius
792 2317 1059 2388 Camaldulensis
1080 2323 1132 2387 vir
1153 2322 1214 2388 do-

213 2443 382 2510 ctissimus
399 2441 441 2509 ad
467 2440 616 2511 codicem
637 2442 803 2527 instituit,
824 2441 867 2510 ab
888 2445 1088 2536 Augustano
1113 2467 1213 2536 quem

218 2563 360 2632 Wolfius
385 2579 435 2633 est
463 2579 625 2658 sequutus
650 2578 684 2634 et
714 2589 732 2632 a
761 2564 922 2633 Parisinis
955 2578 1041 2658 quos
1072 2565 1213 2634 adhibui

214 2689 370 2756 immane
390 2703 555 2781 quantum
582 2687 844 2782 discrepantem„
858 2690 943 2756 Tam
969 2687 1119 2756 notabile
1146 2688 1213 2758 dis-

215 2811 343 2879 crimen
360 2837 420 2880 me
440 2812 483 2880 ad
505 2810 539 2879 id
565 2809 700 2922 impulit
715 2824 765 2879 ut
786 2811 975 2880 versionem
1001 2824 1106 2881 totam
1131 2817 1211 2880 Am-

215 2935 318 3002 brosii
340 2935 427 3028 typis
454 2934 566 3002 denuo
594 2934 742 3028 imprimi
764 2933 806 3002 ab
828 2935 1018 3003 redemtore
1045 2948 1213 3028 peterem,

137 3059 139 3062 ’
216 3058 291 3150 qui,
305 3081 412 3150 quum
426 3056 488 3130 diu
502 3057 669 3144 haesisset,
681 3055 817 3126 tandem
832 3081 866 3126 se
885 3055 1081 3151 persuaderi
1099 3081 1214 3151 passus

216 3194 276 3246 est.
300 3179 403 3266 Quod
425 3179 515 3248 side
540 3180 613 3281 ejus
633 3178 782 3248 editione
803 3179 904 3248 citius
929 3180 1021 3248 inter
1043 3203 1105 3247 nos
1131 3204 1214 3248 con-

190 3385 193 3388 ·
216 3301 370 3385 emisset,
392 3325 461 3368 non
484 3301 568 3368 mibi
588 3301 730 3369 fuissent
755 3291 926 3370 Ambrosii
950 3301 1052 3370 verba
1071 3301 1105 3370 in
1125 3303 1214 3371 notis

217 3425 336 3516 saepius
353 3423 663 3510 commemoranda,
678 3423 720 3490 ad
736 3447 811 3517 quae
825 3422 990 3493 lectorem
1002 3449 1138 3493 securus
1156 3449 1214 3518 po·

217 3547 354 3614 tuissem
378 3545 568 3615 amandare.
593 3544 657 3616 Sed
678 3547 753 3640 quis
771 3547 900 3640 ‘aequior
918 3571 1030 3633 rerum
1050 3547 1084 3615 id
1108 3571 1215 3641 genus

216 3671 399 3738 aestimator
418 3670 463 3738 ob
478 3670 618 3765 paginas
628 3695 704 3764 quae
715 3671 822 3764 spisso
832 3669 997 3739 volumini
1007 3670 1216 3738 accreverint

214 3794 434 3896 paucissimas
460 3791 695 3864 succensebit?
723 3793 785 3864 Vel
816 3793 904 3882 duo,
932 3791 985 3863 vel
1014 3817 1123 3860 nemo.
1154 3789 1212 3858 Id-
