2818 4814
263 481 303 547 52
646 483 858 568 AINEIAX

261 639 295 705 αἶ
319 662 354 705 τι
371 635 429 731 γὰρ
448 638 629 729 μετοικήσσις
652 636 704 704 καὶ
724 627 832 728 δρόμοι
852 633 903 703 καὶ
921 638 1124 730 ὑποστροφαὶ,
1143 640 1194 708 καὶ
1216 642 1247 708 αἱ

259 770 331 864 πρὸς
358 767 395 837 τό
429 769 540 862 βόρειον
567 764 725 846 ἀναὸἀσεις
752 767 803 836 καὶ
826 767 858 835 αἱ
883 769 959 862 πρὸς
986 769 1072 838 νότον
1102 764 1247 861 κοίθοδοι,

257 901 343 982 ἡλίου
368 928 403 970 τι
424 902 476 969 καὶ
502 908 624 980 σελήνης
642 873 809 990 ἐκλείψεις,
827 898 956 976 αἰσθητὰ
979 902 1094 972 πάντα·
1113 901 1133 971 ἀ
1151 904 1245 1001 γίγνο-

258 1035 326 1107 σθαι
343 1005 397 1128 μὲν
417 1025 504 1102 δοκεῖ
515 1034 679 1116 Πλάτωνι,
695 1027 772 1098 εἶναι
789 1022 824 1098 δὲ
844 1028 972 1118 βεὸαίως
989 1026 1150 1105 οὐδέποτε.

642 1175 855 1243 ουοονκυτοκ,

311 1297 352 1366 Οἱ
367 1309 423 1367 τοῦ
436 1297 605 1376 Πλάτωνος
624 1297 818 1392 μυσταγωγοὶ
833 1297 871 1363 τό
888 1298 1009 1391 γέγονεν
1025 1301 1059 1365 οὗ
1076 1303 1180 1393 γέγονε
1197 1305 1245 1370 λό-

255 1456 374 1523 γουσιν,
399 1429 479 1497 αλλὰ
504 1430 571 1496 κατ’
601 1428 697 1495 αἰτίαν
718 1432 836 1522 ἐγένετο
864 1417 974 1522 (444)·
1002 1427 1061 1497 οἷον
1087 1439 1143 1508 τῆς
1170 1436 1244 1522 ε’μής

255 1565 341 1638 σκιάς
367 1561 461 1628 αἴσιον
480 1561 595 1653 τούμὸν
615 1569 718 1652 σῶμα·
742 1561 810 1629 ἀλλ’
834 1565 888 1628 οὐκ
910 1561 983 1628 αὐτὸ
1005 1562 1166 1636 πεποίηκεν
1191 1567 1246 1630 αὺ-

253 1697 331 1775 τήν,
345 1693 413 1759 ἀλλ’
429 1690 526 1766 ἐκείνη
543 1693 641 1779 τούτῳ
658 1693 923 1765 συνηκολούθησεν.

669 1834 825 1882 mesor..
911 1803 913 1808 ¹

306 1960 373 2025 Οὔκ
392 1953 452 2050 ἀρα
469 1947 649 2050 δημιουργός
668 1961 684 2021 ό
705 1947 903 2050 δημιουργὸς,
923 1955 948 2022 εἰ
967 1958 1008 2043 μή
1028 1955 1210 2046 βουλόμενος
1228 1951 1245 2019 ὅ

252 2091 401 2164 πεποίηκε
418 2082 610 2184 δημιουργεῖ·
630 2087 698 2154 ἀλλ’
716 2088 891 2179 αὐτόματον
908 2080 981 2156 τόδε
1004 2089 1040 2155 τὸ
1057 2091 1140 2170 πᾶν,
1157 2085 1182 2152 εἰ
1201 2088 1242 2178 μὴ

192 2247 195 2254 ·
249 2223 379 2316 γέγονεν.
408 2213 622 2291 Ᾱντιστατοῦν
640 2220 697 2317 γὰρ
715 2233 760 2312 τῷ
777 2220 852 2310 ἡλίῳ
871 2223 909 2289 τὸ
931 2232 1019 2315 σῶμα
1043 2224 1077 2288 οὐ
1097 2226 1245 2314 συγχωρεῖ

255 2337 386 2426 κατόπιν
402 2357 541 2450 γενέσθαι
554 2361 611 2431 τήν
627 2347 829 2448 λαμπηδόνα,
844 2354 897 2420 καὶ
912 2365 1000 2421 τοῦτο
1014 2360 1032 2427 ή
1049 2353 1119 2420 σκιά
1139 2341 1243 2444 (445)·

253 2486 318 2553 ὅθεν
335 2485 446 2554 οἷονσὺ
464 2495 568 2576 σῶμα,
582 2485 707 2555 τοιαότη
728 2475 943 2574 διαγράρεται.
965 2469 1045 2548 Οδὲ
1061 2476 1244 2578 δημιουργὸς

251 2617 436 2707 ἀσώματος,
455 2614 614 2706 ἀόριστος,
632 2615 771 2706 αὐτορῶς
790 2601 933 2705 ὑπάρχων
963 2602 1070 2706 (446).
1095 2619 1168 2696 Πῶς
1194 2615 1242 2683 οὖν

250 2745 269 2821 ἢ
295 2746 385 2813 πόθεν
412 2740 636 2836 συμόέὸηκενή
662 2742 753 2830 σκιάς
773 2752 838 2824 πῶς
865 2736 899 2812 δὲ
920 2744 1047 2838 ἀμείνων
1073 2747 1176 2823 ἦνκαὶ
1204 2753 1243 2826 ὡς

251 2879 368 2957 ἀληθῶς
390 2869 590 2970 δημιουργὸς,
611 2878 703 2956 αὐτὸς
725 2887 818 2945 ποιῶν
842 2875 894 2944 καὶ
917 2875 1109 2972 συναρμόζων
1127 2879 1150 2971 γ’
1168 2881 1240 2964 βοό-

247 3006 387 3090 λοιτο,ἢ
415 3011 500 3085 σκιᾶς
522 3001 555 3086 ἐξ
571 3007 702 3104 ἀνάγκης
722 3011 865 3102 ἑπομένης
890 3002 1001 3102 (447),
1019 3011 1065 3088 τίς
1085 3001 1113 3075 δ’
1132 3003 1168 3073 ἂν
1186 3012 1241 3084 τὴν

248 3147 358 3210 ἑαυτοῦ
386 3137 471 3208 σκιὰν
497 3146 618 3231 κοσμεῖν
642 3140 662 3216 ἢ
686 3140 837 3235 καθαίρειν
855 3143 1021 3226 βουλοιτος
1044 3143 1164 3206 Οὐκοῦν
1190 3139 1242 3209 καὶ

246 3277 301 3346 τήν
322 3273 463 3364 πρόνοιαν
480 3277 496 3338 ό
515 3279 576 3340 τῶν
596 3272 732 3348 ἀνοήτων
752 3272 845 3366 λόγος
866 3279 1052 3340 συνανεῖλιν·
1075 3275 1109 3338 οὐ
1130 3242 1187 3366 γὰρ
1205 3269 1241 3339 ἀν

244 3367 363 3496 γένοιτο
377 3404 463 3478 σκιάς
479 3403 645 3491 ἐπιμέλεια.
666 3385 725 3469 ᾗσι
746 3395 781 3469 δὲ
798 3402 863 3494 ἀμα
881 3414 927 3492 τῷ
949 3407 1070 3498 σώματι
1088 3401 1159 3471 σκιὰ
1179 3433 1238 3472 πα-

245 3530 435 3626 ραφαίνεται·
460 3532 527 3599 ἀλλ’
550 3523 705 3599 ἀδύνατον
725 3533 790 3626 ἅμα
810 3544 856 3624 τῷ
882 3526 1058 3630 δημιουργῷ
1077 3543 1240 3628 παραλαμ-

244 3660 343 3733 όάνειν
361 3667 418 3739 τὴν
436 3668 518 3737 ὕλην.
532 3664 596 3736 Καὶ
611 3675 702 3734 τοῦτο
720 3671 879 3747 Πλωσῖνος
897 3661 1162 3762 περιεργαζόμενος
1179 3670 1236 3742 τὴν

242 3766 318 3872 ὕλην
344 3804 450 3890 σαφῶς
467 3795 546 3864 πάνυ
563 3800 720 3892 προλέγει,
741 3798 793 3866 καὶ
810 3800 862 3867 τὸν
878 3789 1076 3895 Ᾱναξαγόραν
1098 3771 1242 3894 κωμωδιῒ

240 3935 358 4023 ὅτι·μῆ
386 3932 524 4025 προλέγοι
546 3916 664 4022 (448),
692 3931 761 3999 αλλ’
790 3932 856 4024 οἶμα
883 3934 935 4001 τὸν
964 3925 1148 4027 δημιουργὸν
1177 3901 1230 3999 καὶ
