2864 4810
237 454 289 522 xiv
556 447 913 514 WERNSDORFII

237 597 331 649 Petro
349 588 454 649 Suidas
470 608 495 646 v.
512 583 617 650 Αἴνικος
634 584 742 643 librum
759 584 796 643 de
811 583 1004 662 mangonibus
1021 584 1049 642 ei
1068 583 1232 644 adscribit:

142 757 147 770 Ι
237 682 324 746 Ἐπί
335 683 363 744 δὲ
377 681 423 742 aial
438 682 540 748 Αἴνιιος
552 681 692 764 σοφιστὴς,
705 671 802 746 οὗτινος
819 680 951 759 §dilect
965 677 1125 740 Μετᾶὅολοι.
1138 684 1233 759 Equi·-

238 783 305 842 dem
323 783 403 840 hunc
423 781 596 858 scriptorem
610 799 714 857 parum
731 799 850 850 moror;
866 782 955 836 Conr.
971 783 1117 836 Gesnerus
1136 790 1234 836 tamen
1292 779 1297 842 ζ

237 879 365 938 nitidem
386 877 483 935 habet.
503 881 536 935 t.
551 878 696 934 Kusterus
715 874 856 954 tragicum
872 875 1016 934 Eunicum
1031 874 1114 960 innui
1130 875 1233 933 eredit.

236 974 389 1034 Fabricius
401 974 477 1033 Bibl.
489 994 531 1052 gr.
545 987 564 1032 t.
579 995 606 1043 1,
617 994 646 1051 p.
659 977 716 1046 '427
729 974 808 1052 [πρ.
818 973 897 1050 690],
911 972 967 1048 legi
980 971 1109 1050 postulat
1119 970 1234 1038 Αἷνικος.

236 1075 345 1130 Narrat
357 1089 476 1146 quoque
487 1074 574 1128 Conr.
589 1075 737 1128 Gesnerus
749 1089 779 1145 p.
797 1069 842 1142 13,
852 1081 882 1125 et
891 1067 1004 1126 Fabric.
1017 1066 1036 1123 l.
1048 1069 1126 1138 c.,'r'n
1135 1071 1235 1124 Italioe

237 1165 408 1226 bibliothecis
426 1179 456 1220 et
473 1169 611 1242 Augustae
631 1168 744 1224 Vindel.
765 1177 864 1223 extare
885 1169 987 1222 AEneae
1011 1163 1165 1222 elenchum
1186 1167 1252 1240 τῆς,

236 1260 300 1342 παρ’
315 1259 433 1333 &Euan
446 1262 619 1342 λογομαχίας.
631 1262 690 1322 Sed
705 1263 756 1339 qui
771 1262 801 1319 id
817 1282 893 1341 opus
905 1261 941 1319 ab
957 1262 1014 1319 hoc
1027 1259 1154 1338 Dialog'o
1171 1259 1234 1318 dis·

236 1369 357 1422 cernere
370 1368 435 1416 cuni
447 1366 579 1418 Gesnero
592 1360 694 1428 vellet,
710 1359 844 1434 profecto
856 1363 977 1415 erraret.
991 1349 1092 1434 Neque
1109 1357 1187 1414 enini
1204 1358 1232 1414 in

236 1452 382 1513 indicibus
394 1454 563 1512 Italicarum
580 1451 825 1510 bibliothecarum
838 1472 936 1529 neque
950 1453 981 1508 in
993 1452 1234 1530 Ehingeriano'a'c

236 1550 408 1612 Reiseriauo
422 1555 599 1629 Augustanae
608 1551 756 1628 catalogo,
767 1549 889 1628 posthae
899 1550 1066 1628 divulgato,
1080 1550 1235 1628 vestigium

169 1647 173 1654 ’
235 1645 320 1704 istius
336 1646 435 1724 operis
454 1660 596 1725 apparet:
612 1659 642 1704 et
663 1659 821 1724 praeterea,
841 1667 894 1704 eur
913 1646 1182 1724 Dialogustnoster,
1202 1646 1233 1704 iil

236 1741 316 1818 quod
330 1743 510 1801 in'sraudem
529 1743 646 1802 induxit
663 1749 840 1812 Gesnerum,
858 1761 891 1800 ea
909 1742 1099 1821 inscriptione
1117 1750 1234 1802 notatus

236 1838 339 1910 fuerit,
355 1839 427 1896 mihi
442 1838 502 1915 jam
518 1849 653 1918 apertum
669 1851 729 1908 est,
744 1838 795 1916 qui
811 1838 874 1916 ipse
893 1851 982 1916 caput
1002 1839 1126 1898 alterum
1147 1838 1234 1914 hujus

236 1934 354 2012 Dialogi
370 1939 399 1991 in
419 1934 521 1994 codice
534 1939 707 2013 Augustano
725 1934 767 1993 sio
786 1934 960 2010 inscriptum
976 1934 1074 2012 reperi
1089 1941 1121 1992 'et
1134 1934 1234 1992 edidi:

236 2027 344 2109 ἔλεγχος
355 2035 402 2102 τῆς
414 2031 476 2113 παρ’
485 2029 604 2102 Ἕλλησι
614 2031 778 2110 λογομαχίας
788 2031 867 2110 [vide
882 2051 910 2110 p.
925 2031 1001 2108 157}
1013 2032 1235 2108 Relinquantur

237 2127 297 2186 duo
309 2127 373 2205 ejus
384 2127 493 2207 ingenii
505 2150 572 2188 vera
588 2150 694 2208 opera,
710 2129 851 2208 Epistolae
864 2138 893 2188 et
904 2130 1053 2206 Dialogus.

251 2259 253 2266 ι
276 2229 308 2282 V.
337 2226 482 2302 Epistulas
514 2227 551 2284 25
581 2227 619 2285 ad
647 2227 744 2284 varios
772 2228 885 2304 primus
913 2232 1015 2285 Romae
1038 2243 1067 2286 a.
1098 2234 1174 2302 1499
1203 2225 1234 2281 in

235 2333 341 2396 quarta
354 2321 443 2380 Aldus
460 2321 625 2393 Manutius,
646 2324 741 2380 Marci
757 2321 872 2378 Masuri
884 2340 989 2397 opera,
1005 2318 1098 2376 edidit
1111 2319 1142 2374 in
1159 2321 1237 2392 Epi·

235 2419 315 2470 stolt‘s
330 2419 506 2470 diversorum
520 2417 774 2486 philosophorum,
791 2429 954 2480 emtarum,
977 2414 1143 2480 rhetorum,
1166 2423 1234 2484 ete,

236 2509 291 2567 ubi
301 2508 410 2568 eaedem
424 2527 475 2566 sex
487 2508 556 2566 folia
571 2506 772 2565 cumdimidio
781 2508 913 2584 explent,
926 2507 996 2564 inde
1006 2504 1044 2564 ab
1056 2529 1078 2563 ω
1091 2507 1108 2564 3
1119 2506 1159 2564 ad
1171 2512 1193 2562 Α
1206 2519 1232 2565 r:

236 2610 332 2678 Quam
358 2605 548 2680 epistolarum
571 2604 791 2677 collectionem,
822 2603 960 2681 adjuncta
988 2603 1232 2681 interpretatione

235 2701 326 2758 latina
340 2700 409 2758 satis
422 2701 510 2774 mala,
523 2719 611 2776 quam
630 2701 751 2777 Cuja'cio
766 2687 830 2758 leto
845 2699 962 2772 tribuit,
977 2701 1083 2758 iterum
1103 2701 1236 2778 vulgarit

235 2795 367 2871 Pyrrhus
379 2794 547 2854 Caldoraeus
562 2795 692 2854 Coloniae
705 2795 816 2855 Allobr.
834 2798 918 2854 1606.
932 2796 981 2854 fol.
995 2803 1031 2856 V.
1045 2795 1132 2856 Fabr.
1147 2802 1179 2854 Β.
1195 2803 1232 2857 G.

235 2904 255 2948 t.
274 2913 300 2960 1,
314 2911 344 2968 p.
362 2899 419 2959 410
433 2904 462 2949 et
477 2900 532 2964 427
546 2892 657 2970 [2676
675 2905 704 2950 et
719 2893 1119 2971 690].tnde10h.1²atusaiu
1134 2898 1232 2969 Ency-

233 2988 310 3064 clop.
325 2987 429 3067 philol.
443 2992 546 3046 Venet.
563 3009 648 3064 1710,
663 2991 691 3063 8,
706 2991 853 3068 exscripta
866 2995 964 3049 AEueae
981 2991 1126 3069 Epistulas
1141 2991 1230 3068 quin-

232 3103 290 3161 que
302 3083 435 3162 repetiit,
448 3095 521 3142 teste
534 3084 619 3143 Fabr.
633 3090 664 3144 Β.
678 3092 713 3146 G.
727 3095 755 3144 t.
767 3089 812 3160 13,
826 3087 1010 3166 prlbbrEgo
1021 3107 1122 3146 omnes
1135 3107 1182 3144 eas
1195 3105 1231 3144 err

231 3179 336 3238 Aldina
348 3194 377 3238 et
391 3182 555 3240 Geneveusi
567 3181 696 3241 editione
709 3181 870 3260 descriptas
882 3183 973 3242 nullis'
986 3183 1105 3261 adjutus
1118 3183 1230 3241 codicis

230 3276 319 3334 ullius
343 3278 474 3350 auxiliis,
497 3279 546 3337 hic
562 3278 671 3337 'denuo
697 3277 766 3352 ede,
794 3279 919 3338 fideliter
939 3263 1080 3339 exhibens
1104 3298 1230 3355 graecum

233 3384 359 3444 textum,
380 3385 470 3451 prout
489 3373 583 3432 Aldus
601 3395 669 3432 eum
685 3375 820 3447 dederat,
834 3379 927 3435 multa
939 3377 1006 3436 loca
1015 3373 1179 3434 emendans
1193 3395 1231 3434 ex

231 3469 416 3546 conjectura,
433 3469 483 3530 sed
499 3471 529 3528 in
544 3471 799 3546 annotationibus,
814 3473 1091 3552 interpretationem
1108 3471 1230 3530 latinam

232 3565 373 3643 adjiciens
389 3585 501 3648 meam;
516 3567 645 3644 denique
658 3563 824 3630 difficiliora
843 3571 993 3630 intellectu
1007 3569 1071 3626 loca
1090 3566 1229 3626 brevibus

232 3663 469 3722 annotationibus
480 3664 637 3723 illustrans.
651 3666 762 3725 Scribit
775 3672 806 3727 C.
821 3667 957 3726 Barthius
968 3665 1091 3723 Advers.
1107 3665 1124 3720 Ι.
1140 3675 1166 3732 3,
1181 3685 1228 3733 no,

233 3779 263 3834 p.
280 3768 345 3833 147,
356 3759 415 3836 jam
429 3759 496 3818 ideo
509 3761 704 3840 reprehensus
714 3783 731 3822 a
743 3763 880 3822 Fabricio
898 3785 904 3818 :
913 3764 988 3836 ficta
1000 3763 1029 3814 in
1042 3761 1076 3816 iis
1090 3760 1229 3834 Epistolis

182 3887 193 3925 Ι
233 3856 318 3912 etiam
330 3859 534 3927 nominasent,
546 3873 578 3917 ut
587 3863 717 3939 Zosimus
728 3861 775 3918 laic
786 3861 828 3932 (in
839 3865 893 3937 Ep.
908 3856 947 3936 8),
961 3859 1030 3932 quia
1039 3857 1139 3912 uitalis
1145 3857 1229 3928 prin·

236 3943 246 3972 N

704 4169 720 4208 *t
