2818 4814
265 455 309 538 ,ιη
650 450 853 524 κιιιειεκ

266 608 315 676 οἷα
332 609 399 702 περὶ
419 620 474 680 τοῦ
499 609 639 678 Διονύσου
662 610 715 676 καὶ
738 597 919 704 Ηρακλέουτ,
933 614 961 676 ἐν
987 603 1103 686 Θηθαις
1120 612 1247 702 λέγεται

265 743 401 833 γενέσθαι
419 731 525 834 (385).
544 741 582 810 Εἰ
603 733 632 808 δ’
651 737 712 808 άνω
730 767 762 810 τι
785 735 977 838 διωρισμένον
994 745 1071 832 αὐτῇ
1089 739 1247 834 προειργά-

264 866 351 958 ζετο,
373 878 518 968 ὕστερον,
536 867 639 949 ἐπειδὴ
668 871 799 960 κατίθη,
826 879 911 950 κεν-δν
929 867 987 942 ,καί
1013 876 1120 968 ἔρημον
1144 874 1196 942 καὶ
1217 879 1246 944 ἐν

264 1003 356 1098 ἀργίᾳ
371 1010 426 1080 τὴν
441 1010 550 1085 ἑαυτῆς
567 1009 667 1099 χώραν
686 1008 904 1076 καταλέλοιπεν
930 993 1036 1098 (386).
1061 1007 1102 1071 Αἱ
1120 1002 1246 1098 μὲνγὰρ

266 1130 359 1204 ἄλλαι
383 1129 524 1230 δυνάμεις
546 1139 612 1230 ἅμα
639 1164 675 1206 τε
702 1142 851 1232 προῆλθον
875 1135 1113 1228 καὶμέτάχθησαν
1141 1133 1175 1202 οὗ
1201 1128 1252 1202 δεῖ

263 1265 394 1342 ἑκάστην
413 1269 496 1339 καὶὸ
516 1299 547 1339 τι
562 1273 620 1363 χρὴ
640 1277 822 1364 λειτουργεῖν
843 1269 894 1338 καὶ
914 1260 1058 1336 διακονεῖν
1077 1267 1129 1340 καὶ
1143 1273 1249 1360 θπηρε-
1294 1235 1297 1244 ¹

264 1406 327 1466 τεῖν
344 1400 398 1468 καὶ
414 1403 589 1490 φυλάττειν·
606 1388 662 1474 τὴν
682 1394 717 1468 δὲ
734 1400 918 1493 ἀνθρωπίνην
935 1397 1033 1492 ψυχὴν
1051 1400 1164 1492 μακρόν
1179 1423 1248 1466 τινα

255 1532 371 1622 ,χρόνον
389 1537 419 1600 ἐν
443 1531 534 1625 άργίρι
559 1531 756 1618 καθίσαντες,
774 1530 830 1624 ὀψέ
845 1559 921 1600 ποτε
944 1525 1094 1624 δεσμῶτιν
1109 1530 1148 1610 εἰς
1164 1541 1247 1622 σῆμα

262 1661 298 1726 τὸ
317 1669 406 1752 σῶμα
424 1665 578 1748 πέμπουσι
601 1651 706 1759 (387).
724 1663 838 1734 Καίτοι
853 1667 908 1738 τὴν
927 1675 982 1759 γῆν
1003 1656 1176 1756 διακοσμεῖν
1195 1665 1247 1730 αιἰ-

261 1802 302 1885 τῇ
320 1795 566 1885 προστέτακται,
584 1797 648 1866 ἐπεὶ
666 1789 733 1864 οὐδ’
752 1796 908 1892 ἀνθρώπου
930 1795 990 1882 εἴη,
1012 1796 1067 1864 κάν
1086 1796 1184 1888 ταύτῃ
1206 1792 1247 1862 τὰ

263 1933 320 1992 τοῦ
351 1925 417 1992 θεοῦ
451 1930 609 2021 κηρύττειν
648 1929 736 2022 ὄργια
772 1921 888 2018 (388),
927 1935 967 2006 ὡς
1001 1918 1118 2018 μηδένα
1153 1925 1246 1994 τόπον

263 2054 353 2127 ἄθεον·
367 2047 462 2153 (389)
481 2061 703 2154 παρευρεῖσθαι.
721 2062 837 2128 Οὐκοῦν
856 2056 975 2150 άμεινον
993 2059 1059 2151 άμοε
1075 2066 1124 2144 τῷ
1138 2063 1245 2152 προελ-

264 2193 323 2260 θεῖν
342 2195 381 2262 τὸ
398 2193 666 2290 προσταττόμενον
689 2197 832 2279 ἐκτελεῖν,
849 2190 991 2286 ἢάγονον
1011 2191 1174 2266 καὶάτελῖι
1194 2217 1245 2258 το·

263 2334 373 2393 τοῦτον
397 2318 565 2428 διαμένειν,
588 2326 698 2414 καὶτῷ
716 2318 810 2416 μηδὲν
826 2326 881 2398 τὴν
899 2325 993 2416 ἀρχὴν
1012 2328 1134 2418 ἐνεργεῖν
1152 2311 1246 2414 (390)

267 2462 322 2532 τὴν
347 2465 456 2534 ἑαυτῆς
485 2452 612 2548 δύναμιν
630 2463 786 2534 παντελῶς
812 2459 941 2550 άγνοεῖν·
966 2451 1106 2536 ἐπίδειξις
1122 2455 1179 2550 γὰρ
1195 2457 1259 2525 καὶ·

264 2597 372 2681 γνῶσις
389 2581 544 2680 δυνάμεως
562 2596 580 2664 ss
597 2593 738 2684 ε’νέργεια.

650 2733 866 2784 ΘΕΟΦΡΑΣΤΟΣ..

317 2839 404 2936 Ᾰλλ’,
423 2851 447 2917 εῖ
462 2852 561 2944 χρόνῳ
571 2856 757 2946 ,προέρχεται
772 2843 882 2946 (39ι),
898 2865 963 2934 πῶς
983 2853 1151 2940 ἁθάνατος;

622 2981 634 3000 ’
677 2995 833 3044 ειειεεοκ.

254 3159 259 3168 =
317 3119 383 3184 Οθκ
403 3113 494 3195 ἄλλος
513 3114 569 3195 τὰς
585 3113 646 3182 άνω
661 3110 819 3209 δυνάμεις,
840 3115 931 3197 ἄλλος
950 3111 985 3186 δὲ
1002 3125 1057 3195 τὴν
1069 3118 1247 3210 τοῦ-ἀνθρώ·

264 3273 323 3314 που
342 3245 440 3339 ψυχὴν
457 3241 646 3342 δημιουργεῖ·
662 3251 730 3316 ἀλλ’
745 3255 762 3316 ὁ
778 3251 869 3328 αὐτὸς
886 3249 997 3329 ἐκείνας
1015 3276 1048 3317 τε
1066 3253 1117 3317 καὶ
1129 3250 1247 3320 ταύτην
1292 3263 1294 3272 ’

264 3373 483 3470 προθάλλεται.
504 3382 544 3448 Εἰ
559 3375 594 3448 δὲ
610 3389 625 3448 ὁ
644 3383 749 3465 αὐτὸς,
768 3384 869 3450 καινὸν
889 3376 989 3468 οὐδὲν,
1009 3381 1033 3448 εί
1051 3379 1105 3472 μία
1121 3372 1248 3472 δόναμις

264 3512 316 3578 καὶ
329 3515 483 3604 ἐπιστάμη
503 3512 558 3605 μία
576 3514 649 3581 τότε
666 3515 718 3581 καὶ
736 3524 786 3581 νῦν
810 3519 924 3589 ταύτην
945 3508 1116 3610 ἐργάζεται·
1137 3517 1170 3580 οὐ
1189 3511 1247 3606 γὰρ

264 3645 362 3738 χρόνῳ
384 3650 408 3740 ss
439 3655 495 3712 τοῦ
520 3638 702 3740 δημιουργοῦ
725 3641 851 3740 δόναμις
875 3647 1163 3745 ἐναπομαραίνεται,
1186 3635 1249 3710 οὐδ’

264 3781 417 3869 ἐπιστήμη
437 3779 524 3869 μέχρι
539 3805 594 3846 του
612 3771 784 3872 διορίζεται.
801 3769 830 3848 Η
847 3781 944 3847 τοίνυν
963 3773 1037 3872 μηδ’
1051 3779 1165 3854 ε’κείνας
1181 3777 1251 3844 οἱθα·

266 3910 376 3986 νάτους
399 3905 471 3976 εἶναι
495 3917 753 4004 συγχωρήσωμεν,
772 3912 790 3988 ἢ
810 3914 861 3980 καὶ
883 3914 995 3986 ταύτην
1019 3911 1134 4003 ἀνάγκη
1151 3909 1251 3976 τοιαί-
