2864 4810
216 425 258 504 ej
452 416 457 430 ·
506 419 875 486 wannsoonrn

214 575 245 620 et
255 561 436 648 professione
449 574 478 620 et
492 561 635 640 puritate,
648 561 737 640 vulgo
747 563 915 620 Platonicus
922 565 1027 624 AEneas
1037 561 1212 640 appelletur.

215 665 374 720 Graecusoc
391 660 478 719 luerit
492 674 577 719 natus
598 679 632 719 ac
650 672 752 737 postea
770 659 952 721 Christianus
971 660 1079 733 sactus,
1098 661 1213 740 quoda

215 760 335 831 Miraeo,
356 762 453 818 Caveo
474 777 509 816 ae
523 759 673 816 Bruckero
692 759 783 817 asseri
799 757 904 834 video,
918 778 956 817 an
972 756 1138 817 christianis
1157 777 1213 837 pa·

213 854 350 914 rentibus
368 856 458 914 suerit
474 855 587 924 editus,
607 856 708 917 nescio
724 855 863 936 quidem;
883 868 980 915 tamen
997 854 1216 932 eum-nuspiam

214 971 282 1010 eum
298 951 392 1030 legam
412 971 429 1010 a
447 951 548 1030 graecis
570 952 661 1012 sacris
681 951 719 1011 ad
740 964 841 1011 nostra
855 952 1009 1025 defecisse,
1025 970 1154 1030 eumque
1168 951 1216 1010 his

215 1048 314 1108 saeculi
333 1049 430 1127 quinti
453 1049 636 1128 temporibus
655 1050 824 1110 adultorum
839 1050 992 1110 hominum
1009 1049 1216 1110 conversiones

215 1145 326 1203 fuerint
340 1148 482 1220 rariores,
501 1148 658 1206 verisimile
678 1161 752 1227 puto
767 1149 853 1208 istam
867 1149 957 1209 Cavei
971 1148 1142 1227 opinionem
1156 1163 1216 1203 uon

214 1239 273 1298 alio
293 1240 504 1312 fundamento,
526 1263 614 1321 quam
634 1245 777 1302 Platonici
800 1245 992 1322 cognomine,
1013 1227 1228 1302 niti.s0h01as'

202 1337 306 1414 'igitur
320 1339 483 1411 Hieroclis,
500 1353 533 1398 ut
548 1340 767 1416 philosophiam
779 1341 935 1412 disceret,
949 1359 1009 1396 non
1024 1351 1058 1396 ut
1071 1336 1217 1416 supersti—
1240 1357 1253 1386 κ

214 1434 346 1491 tionibus
357 1436 459 1511 graecis
470 1433 655 1496 imbueretur
668 1435 883 1513 frequentavit,
893 1434 973 1511 quod
986 1433 1071 1492 multi
1081 1433 1129 1491 alii
1141 1433 1217 1490 chri-

215 1527 428 1604 stiaoijuvenes
436 1528 594 1590 faciebant.
601 1531 781 1608 AEgyptiacae
791 1531 1030 1590 commorationis
1037 1528 1131 1607 injicit
1140 1547 1218 1587 men·

214 1625 325 1682 tionem
331 1644 392 1683 non
400 1624 495 1684 solum
504 1626 535 1683 in
545 1627 680 1704 Dialogo‚
688 1626 739 1684 sed
747 1627 833 1686 etiam
842 1629 873 1686 in
881 1626 1012 1706 Epistola
1025 1623 1129 1699 15,ubi
1139 1624 1218 1682 serit

214 1717 287 1800 παρὰ
294 1717 339 1787 τὰς
347 1720 445 1782 Νείλου
454 1719 535 1800 ὄχθας
542 1729 600 1790 ταῖς
609 1720 729 1790 Μούσαις
738 1722 895 1799 συμπαῖξαι.
904 1727 1008 1802 Neque
1016 1735 1113 1780 tamen
1122 1719 1218 1799 philo·

213 1817 362 1895 sophandi
374 1837 474 1876 amore
481 1859 490 1889 ,
504 1816 695 1876 humanitatis
706 1820 827 1896 reliquae
839 1832 868 1878 et
884 1819 1056 1897 eloquentiae
1069 1817 1218 1896 praecipue

214 1910 310 1970 studia
324 1913 485 1990 neglexisse
497 1913 705 1972 existimandus
717 1926 761 1972 est
771 1912 897 1990 juvenis.
912 1915 1052 1986 Quamvis
1064 1914 1141 1972 enim
1157 1930 1217 1989 quo

213 2008 337 2068 doctore
354 2011 410 2068 ista
424 2011 592 2088 perceperit
608 2011 773 2088 ignoretur,
791 2025 887 2069 tamen
906 2012 937 2068 in
951 2011 1054 2070 eadem
1067 2009 1142 2068 urbe
1158 2009 1218 2067 ale-

213 2104 358 2164 xandrina
374 2127 405 2165 se
426 2106 613 2166 declamandi
633 2106 895 2166 exercitationibus
912 2107 1079 2166 interfuisse
1102 2109 1158 2184 Ep.
1182 2105 1217 2162 15

213 2199 337 2275 indicat;
349 2217 392 2274 et,
406 2202 486 2281 quod
500 2204 658 2261 maximum
670 2217 730 2276 est,
741 2204 805 2280 ipse
816 2204 865 2263 hic
876 2205 957 2281 ejus,
969 2202 1064 2262 omnis
1076 2201 1217 2260 doctrino

214 2320 322 2378 genere
335 2303 478 2376 refertus,
493 2302 569 2361 liber
584 2315 613 2362 et
627 2303 687 2361 stili
704 2306 791 2380 graeci
807 2322 918 2360 summa
935 2303 1079 2378 elegantia
1093 2319 1217 2376 compo-

214 2398 276 2454 sitae
295 2399 441 2474 epistolae,
456 2399 585 2472 itemque
599 2399 745 2472 sophistas
756 2416 936 2472 cognomen,
950 2415 1017 2451 eum
1032 2407 1061 2451 et
1076 2393 1218 2451 eruditis·
1281 2391 1285 2402 ³

214 2492 320 2549 simum
340 2503 371 2548 et
390 2489 630 2548 facundissimum
648 2490 753 2558 fuisse,
775 2489 1022 2548 manifestant.1n
1043 2490 1098 2566 Ep.
1116 2488 1161 2560 16,
1178 2488 1217 2546 ad

216 2589 420 2665 Serapionem,
435 2600 661 2660 commemorat,
674 2605 705 2644 se
719 2605 804 2644 suum
816 2584 993 2664 eloquentiae
1005 2603 1135 2644 amorem
1150 2584 1219 2644 rhe-

217 2684 276 2742 tori
288 2683 357 2741 huic
373 2683 482 2742 lassum
497 2703 559 2742 esse
571 2703 604 2740 ac
618 2681 771 2762 probasse.
784 2688 853 2742 Post
867 2683 1029 2762 aegyptiaca
1040 2682 1138 2742 studia
1152 2701 1219 2741 eum

217 2778 305 2857 Cpoli
327 2777 486 2857 aliquando
506 2779 725 2858 peregrinatum
750 2779 853 2852 fuisse,
871 2799 908 2837 ex
930 2798 966 2838 eo
986 2791 1085 2858 potest
1104 2779 1218 2857 colligi,

217 2875 298 2953 quod
313 2896 343 2934 se
357 2877 418 2935 suis
432 2877 526 2935 oeulis
545 2877 734 2956 conspexisse
755 2889 879 2936 testatur
893 2890 1039 2967 martyras
1052 2877 1121 2936 illos
1136 2877 1219 2936 Afri-

217 2991 306 3030 canos
321 2972 428 3051 linguis
442 2974 610 3047 mutilatus,
627 2993 754 3053 quorum
769 2973 927 3052 plerosque
942 2973 1220 3052 Constantinopolin

217 3085 248 3125 se
266 3067 411 3146 recepisse
429 3069 599 3148 ibidemque
617 3071 806 3128 consenuisse
824 3071 942 3130 seimus.
962 3070 1005 3128 Ad
1027 3072 1220 3130 anachoretas

217 3163 306 3222 etiam
320 3165 490 3226 Palaestinos
505 3185 538 3224 ac
550 3170 640 3244 Syros
653 3165 817 3224 excurrisse
832 3167 889 3240 ait,
903 3167 973 3225 dum
987 3167 1018 3225 iu
1035 3167 1111 3226 Dial.
1129 3172 1144 3238 5
1162 3177 1218 3228 roa

180 3261 187 3271 '
218 3257 261 3335 [p.
277 3259 343 3336 73]‚
364 3261 574 3320 miraculorum
588 3263 626 3320 ab
641 3263 954 3342 ittisperpetrarorum
975 3275 1171 3342 spectatorem
1188 3280 1220 3319 se

219 3353 308 3412 luisse
320 3368 431 3414 narrat.
446 3363 559 3415 lterum
572 3370 674 3435 postea
690 3360 899 3419 Alexandriam
912 3359 1048 3428 venisse,
1066 3369 1095 3416 et
1108 3356 1220 3415 ibidem

219 3469 285 3507 cnm
301 3450 480 3530 philosopho
498 3453 669 3514 Atheniensi
680 3455 887 3533 Theophrasto
902 3473 1095 3533 congressum
1109 3453 1146 3511 de
1164 3454 1220 3511 im-

219 3548 399 3608 mortalitate
415 3550 581 3609 animorum
595 3551 775 3630 disputasse,
792 3553 861 3633 fingi
876 3555 905 3612 in
917 3553 974 3612 hoc
990 3551 1110 3629 dialogo
1123 3549 1222 3620 video,

220 3645 329 3703 luctum
346 3665 408 3704 esse
428 3647 507 3706 haud
523 3661 605 3728 puto.
628 3649 766 3708 adultum
784 3650 884 3728 potius
904 3664 933 3708 et
953 3669 990 3708 ex
1004 3647 1219 3727 peregrinatio-

220 3741 307 3802 nibus
325 3762 475 3804 rerersum
493 3747 524 3805 in
544 3747 640 3826 patria
658 3748 757 3809 sedem
778 3749 875 3808 fixisse
896 3747 997 3824 ibique
1017 3755 1068 3802 aut
1084 3741 1219 3820 philoso-

169 3849 180 3870 ·
220 3840 320 3919 phiam
333 3854 383 3902 aut
394 3844 590 3922 eloquentiam
606 3847 771 3926 professum
780 3890 789 3921 ,
805 3844 973 3906 cathedram
991 3840 1074 3902 urbis
1094 3837 1220 3897 tenarisse
