2864 4810
542 385 850 506 n1srurau10.
1136 443 1191 526 xiij

203 574 419 665 discipulosque
429 579 591 642 erudivisse
604 579 752 653 existimo,
766 583 843 641 inter
851 599 926 659 qtrus
935 581 1119 662 Epiphanius
1129 583 1196 643 rire·

141 697 148 719 t
197 695 243 746 tor
257 685 289 742 in
307 682 518 761 epigrammate
530 689 631 737 vetere
644 677 687 756 [p.
711 677 778 756 156]
788 690 818 736 et
832 681 888 757 Ep.
907 697 952 751 ra,
966 692 997 737 et
1014 680 1192 748 Theodorus

192 786 360 858 Smyrnaeus
369 783 425 858 Ep.
435 777 518 851 18,et
525 777 624 856 plures
631 774 746 834 nobiles
752 779 806 853 Ep.
819 775 1049 851 9nominantur.
1057 777 1198 837 scholam

195 875 314 954 quidem
336 874 399 958 ejus
417 873 578 934 oratoriam
593 869 752 929 memorari
771 889 830 928 non
849 872 937 929 semel
956 871 1043 931 video
1059 873 1089 930 in
1104 875 1192 952 Epp..

194 985 228 1032 ut
242 973 425 1051 mitemque
436 975 470 1032 13
475 994 484 1045 3
496 985 555 1050 qua
564 990 595 1029 se
605 989 641 1028 ex
650 968 837 1026 institutione
846 967 988 1046 juvenum
998 970 1108 1028 rictum
1118 991 1207 1053 quae·-

191 1089 258 1128 rere
271 1071 450 1148 profitetur:
470 1073 537 1144 ἡμῖν
551 1061 605 1124 ἀπὸ
616 1067 670 1124 τῶν
688 1061 774 1143 λόγων
792 1062 884 1142 iilos.
902 1069 958 1144 Ep.
978 1076 1012 1137 rt
1031 1067 1142 1148 scripta
1157 1067 1196 1126 ad

178 1165 345 1244 ,parentem
360 1178 423 1235 est,
437 1163 519 1240 cujus
533 1163 628 1220 filium
640 1162 705 1238 ipse
719 1159 885 1220 erudiebat.
905 1167 960 1240 Ep.
978 1183 1010 1236 ¹7
1026 1164 1165 1241 juvenem
1178 1185 1195 1223 a

192 1282 226 1320 se
238 1262 407 1320 institutum
419 1260 565 1336 Dionysio
576 1258 760 1318 Antiocheno
771 1260 973 1331 commendat;
981 1258 1111 1337 itemque
1121 1265 1196 1320 Pro-

192 1357 314 1434 copium
327 1374 412 1414 suum
426 1354 605 1434 discipulum
617 1359 671 1432 Ep.
687 1373 724 1431 ¹9
736 1355 826 1420 Geslo
836 1354 953 1413 medico
970 1354 1060 1414 mittit
1070 1358 1199 1416 Alexan-

195 1453 302 1512 driam.
324 1451 469 1530 Discipuli
485 1463 581 1510 autem
602 1462 714 1528 quanto
734 1445 905 1528 magistrum
925 1452 1075 1530 prosecuti
1097 1469 1199 1510 amore

194 1549 319 1621 fuerint,
337 1569 374 1608 ex
391 1567 427 1607 eo
447 1548 624 1625 intelligitur
644 1546 727 1627 quod
743 1545 879 1607 absentes
896 1567 957 1606 nou
976 1550 1085 1628 scripta
1101 1551 1197 1608 solum

195 1646 271 1723 ejus,
295 1645 347 1706 sed
368 1645 512 1724 imagines
535 1663 654 1724 quoque
677 1663 775 1702 secum
807 1644 920 1704 babere
945 1641 1198 1706 desideraverunt.

193 1747 251 1821 Ep.
268 1763 303 1800 ru
324 1747 431 1801 AEneas
442 1741 531 1800 mittit
545 1755 626 1800 trans
643 1759 725 1800 mare
742 1742 911 1822 Epiphanio
926 1742 1070 1820 flagitanti
1090 1744 1198 1822 pictam

195 1837 353 1916 imaginem
364 1857 463 1910 suam;
474 1850 504 1896 et
513 1841 569 1916 Ep.
586 1838 622 1895 ιθ
635 1857 651 1896 a
664 1836 817 1916 discipulis
827 1839 888 1897 suis
900 1838 978 1898 inter
988 1843 1075 1898 Iones
1088 1837 1201 1899 servari

183 1935 287 2017 ¹pictas
305 1934 350 1992 sui
370 1935 470 1993 vultus
484 1933 596 2012 effigies
614 1932 828 2012 gloriabundus
845 1945 957 1992 narrat.
974 1934 1114 1996 Fortunis
1129 1953 1200 1994 usus

193 2029 313 2088 videtur
323 2049 383 2088 non
395 2029 634 2102 contemnendis,
650 2029 712 2088 sive
727 2050 776 2089 eas
789 2030 963 2090 haereditate
977 2045 1100 2109 paterna
1114 2049 1199 2093 acce-

194 2127 290 2203 perit,
303 2127 366 2184 sive
378 2146 535 2202 operarum
545 2126 826 2210 institutionemque
840 2125 1028 2188 mercedibus
1037 2127 1199 2206 collegerit.

198 2220 301 2277 Saltim
316 2222 372 2296 Ep.
390 2218 429 2276 ab
449 2219 555 2275 hortos
575 2237 644 2274 suos
660 2233 820 2293 memorat,
833 2241 907 2296 quos
925 2221 1013 2280 antlia
1029 2221 1200 2282 mechanica

196 2315 370 2394 irrigaverit.
387 2313 515 2387 Quando
528 2313 589 2371 vita
603 2313 724 2370 functus
740 2314 829 2372 fuerit
851 2315 1017 2391 ignoratum
1035 2317 1202 2394 putaverim

195 2427 294 2472 tamen
310 2423 356 2470 sat
367 2422 511 2490 provecta
528 2421 616 2467 aetate
630 2427 698 2466 eum
711 2408 833 2483 obiisse,
850 2410 951 2468 ioman
961 2412 1022 2485 jam
1036 2413 1203 2491 imperante

194 2508 312 2569 tustino
326 2508 457 2578 Thrace,
472 2526 538 2565 cum
550 2525 612 2564 uon
623 2505 723 2564 solum
733 2506 823 2564 (lesio
832 2525 904 2565 ursus
915 2507 1004 2565 fuerit
1017 2507 1132 2567 medico
1140 2508 1201 2585 jam

195 2603 381 2664 Alexandriae
393 2616 545 2675 versante,
565 2603 617 2680 qui
633 2615 731 2670 tamen
745 2601 917 2661 Zachariam
933 2601 1133 2680 Mitylenaeum
1146 2591 1202 2664 ha·
1291 2613 1294 2622 '

195 2702 263 2760 buit
277 2700 435 2778 aequalem,
458 2697 510 2757 sed
531 2681 624 2756 etiam·
640 2696 750 2756 viderit
772 2697 935 2774 discipulos
950 2695 1151 2778 Epiphaniam
1168 2719 1202 2760 ac

193 2797 387 2858 Theodorum
401 2801 584 2874 Smyrnaeum
596 2795 658 2872 jam
675 2793 796 2854 adultos
814 2807 843 2852 et
856 2795 936 2873 ipsos
951 2795 1078 2857 docendi
1097 2819 1203 2858 mnne-

194 2895 279 2954 ribus
291 2896 395 2954 claros.
421 2901 443 2913 ''
475 2941 484 2955 .
905 2888 914 2902 '

244 2995 297 3051 IV.
313 2992 431 3070 Scripta
453 2991 517 3069 ejus
540 2989 677 3048 nou-alia
697 3002 749 3048 aut
766 2989 927 3052 laudantur
946 3009 964 3050 a
980 2992 1130 3054 veteribus
1151 3007 1204 3053 aut

203 3100 318 3162 extem,
341 3107 429 3165 quam
450 3107 516 3165 quae
537 3107 618 3146 nunc
639 3085 755 3145 edimus
778 3085 833 3165 (1).
856 3090 1063 3148 Memorantur
1082 3091 1203 3167 qrridem

204 3185 306 3242 iursan
321 3184 436 3264 abipso
447 3186 670 3242 declamationes
683 3195 734 3242 aut
746 3183 913 3258 orationes,
925 3204 999 3263 quas
1012 3187 1109 3264 ipsum
1120 3173 1204 3248 mere

201 3279 387 3356 reliquorum
406 3281 610 3358 Sophistarum
633 3264 785 3359 scrip'sisse
808 3293 839 3338 et
864 3282 944 3340 foras
964 3281 1079 3342 dedisse
1097 3285 1203 3345 verisi-

204 3376 358 3434 millimum
373 3365 425 3434 est.
439 3379 574 3454 Namque
588 3381 640 3455 Ep.
661 3395 695 3434 ra
717 3397 747 3435 se
758 3374 851 3454 λόγους
865 3397 932 3437 suos
948 3380 986 3437 ad
1003 3381 1203 3460 Epiphaniam

204 3472 317 3531 misisse
330 3473 384 3546 ait,
401 3484 431 3532 et
444 3477 498 3552 Ep.
519 3473 556 3530 18
573 3491 643 3532 suos
656 3471 748 3552 λόγους
762 3469 792 3531 in
805 3475 888 3534 Ionia
909 3476 1036 3554 lectitari
1051 3480 1202 3555 gloriatur.

205 3571 315 3626 Extant
335 3587 423 3642 vero,
444 3567 593 3647 quantum
610 3569 734 3646 scimus,
762 3563 990 3633 declamationes
1017 3573 1080 3654 ejus
1104 3577 1203 3636 nullas.

985 3679 1001 3708 ⁰
1195 3679 1198 3684 .

240 3873 277 3940 (ι)
294 3873 406 3926 Editurus
418 3863 652 3928 eratWeruadorliua
661 3893 714 3928 cum
722 3877 823 3948 Dialqgo
834 3879 959 3946 Epistulas.
1047 3942 1050 3946 Ι
