2818 4814
260 551 303 620 ⁶8
642 549 865 620 ΑΙΝΕΙΑΣ

258 709 321 779 ἀπὸ
340 717 401 786 τῶν
425 697 574 802 Ᾰρκάδων
594 713 651 800 οὐχ
671 716 711 788 ὡς
734 710 840 784 ἤθελον
864 709 1119 794 ἀπαλλάττοντος
1142 716 1181 788 ὡς
1199 685 1239 777 δὲ

257 844 313 909 οὐκ
329 831 411 932 εἷχόν
426 833 535 920 οίτινες
556 842 722 935 γένωνται,
745 845 764 908 ὅ
786 866 817 910 τι
834 847 891 936 χρὴ
915 848 1010 910 ποιεῖν
1035 844 1167 934 έριυτῶσι
1185 843 1240 910 τδν

255 929 405 1041 Ᾱπολλωῖ
434 979 450 1040 ὁ
477 965 511 1042 δὲ
531 977 635 1052 αὐτοῖς
651 974 778 1041 ιάνεῐλεν
806 979 863 1068 οὐχ
887 949 1016 1054 ὁπλίτας
1036 979 1239 1068 παρακαλεῖν,

253 1095 326 1172 οὐδὲ
341 1103 451 1184 ἱππίας
466 1105 639 1198 συλλέγειν,
656 1104 724 1174 ἀλλ’
739 1107 791 1174 ίνα
808 1105 907 1202 νεκρὸν
928 1103 1082 1200 ἄνθρωπον
1102 1105 1142 1185 εἰς
1159 1131 1239 1198 συμ-
1334 1101 1339 1126 ¹

154 1291 159 1300 .
253 1237 366 1329 μαχίαν
385 1232 558 1331 ἐξευρίσκειν
575 1226 683 1332 (535),
696 1239 747 1306 καὶ
762 1231 923 1308 ἐδίδασκεν
940 1240 1064 1333 ἀσαφῶς
1080 1240 1148 1332 μὲν,
1169 1239 1239 1306 ἀλλ’

252 1371 334 1463 ὅμως
361 1363 521 1461 ἐδίδασκεν
542 1376 581 1451 ὡς
600 1374 629 1438 έν
654 1351 785 1463 χαλκείῳ
810 1383 867 1440 τοῦ
891 1363 1105 1463 Ᾰγαμέμνονος
1128 1377 1144 1437 ὁ
1167 1379 1240 1451 παῖς

172 1524 175 1542 ¹
252 1505 364 1585 κέοιτο,
391 1501 443 1568 καὶ
469 1507 508 1578 ὡς
531 1509 642 1567 τοῦτον
667 1497 893 1590 ὑποκλέψαντες
918 1498 1119 1592 μεταθέσουσε
1140 1490 1239 1592 (536)

252 1624 319 1725 μετ’
336 1629 448 1699 ἐκείνου
466 1635 522 1706 τλν
542 1627 637 1704 νίκην.
657 1629 837 1725 Ευρίσκουσι
856 1632 911 1698 τὸν
931 1617 1069 1724 ὺρίστην
1086 1631 1137 1699 καὶ
1159 1637 1239 1700 ὑπο-

250 1767 438 1850 νέλέπτουαο,
450 1763 502 1830 καὶ
515 1764 554 1830 τὸ
571 1764 678 1832 λοιπὸν
701 1760 814 1833 ἐνίκων.
828 1761 866 1831 Εἰ
881 1761 981 1830 τοίνυν
996 1753 1144 1842 Οἰδίπους
1163 1768 1179 1830 ὁ
1196 1774 1238 1857 τῇ

250 1895 585 1991 μητρὶσργγενιίμενος,
600 1896 651 1964 καὶ
663 1885 829 1990 ὸρέστηςῶ
843 1899 899 1972 τὴν
915 1896 1033 1989 μητέρα
1045 1896 1236 1981 ἀπεκτονὼς,

249 2030 301 2096 καὶ
318 2029 435 2108 Θησεὺς
459 2034 474 2096 ὁ
493 2039 706 2122 σωφρονοῦντα
725 2029 779 2096 τὸν
796 2018 896 2096 παῖδα
913 2033 979 2104 ταῖς
994 2027 1080 2119 ἀραῖς
1101 2029 1237 2094 κατατί-

250 2187 307 2254 ριυν
322 2147 435 2253 (537),
451 2161 511 2229 ὑπὸ
529 2170 587 2254 γῆν
603 2160 706 2246 ὄντες,
723 2161 779 2235 τὴν
797 2169 857 2254 γῆν
871 2151 1026 2237 διασώζειν
1039 2161 1201 2253 λέγονται,
1215 2155 1238 2232 ἦ

249 2320 308 2362 που
325 2321 361 2390 γε
381 2287 488 2390 ἄνδρες
507 2289 558 2363 τδν
577 2293 641 2380 βίον
658 2298 729 2363 ὅλον
745 2302 813 2371 ταῖς
832 2294 954 2387 ἀρεταῖς
973 2295 1237 2386 συμμετρῆσαντες

248 2428 300 2495 καὶ
319 2430 376 2502 τὴν
394 2431 538 2500 τελευτὴν
567 2429 660 2499 αὐτὴν
686 2427 760 2516 ὑπὲρ
783 2419 930 2503 εὐσεὸείας
952 2430 1101 2518 λαμπρῶς
1122 2415 1237 2493 ἄναδε-’

249 2551 389 2648 ἱέμενοι·
411 2564 450 2636 ῶς
468 2559 527 2651 ἐγὼ
545 2553 754 2628 κατανενόηκα
774 2546 894 2649 ἀνδρῶν
918 2553 1038 2650 ἀγαθῶν
1061 2555 1157 2649 συχνὰ
1175 2559 1234 2624 σώ-

248 2712 334 2777 ματα
364 2675 459 2777 (538)
482 2693 625 2752 τοσοῦτον
651 2677 893 2774 έκδειματοῦντα
915 2651 977 2754 τῶν
1001 2677 1153 2780 δαιμόνων
1178 2685 1234 2768 τὰς

248 2818 422 2912 ραλαγγας,
441 2819 513 2884 ὅσον
528 2820 632 2884 ἐκεῖνοι
647 2817 700 2884 τὸν
717 2815 916 2910 τεθηραμένον
933 2813 1105 2912 ἄνθρωπον,
1122 2802 1234 2887 καὶτὰ

247 2952 340 3046 μυρία
359 2953 537 3044 νοσείματα,
558 2954 586 3018 έν
612 2947 655 3029 οἷς
676 2959 737 3018 τῶν
763 2950 1049 3043 ἰατρῶνήαθένησεν
1074 2959 1092 3026 ἡ
1119 2953 1231 3041 τέχνη,

249 3078 358 3180 ῥᾳδίως
377 3091 523 3178 χαλῶντα
540 3084 590 3152 καὶ
616 3085 835 3179 ίκκαθαίρυντα
853 3082 904 3153 καὶ
927 3089 1004 3164 ὅλως
1028 3084 1230 3153 έκιιίπτοντα.

245 3218 284 3286 Εἰ
305 3211 339 3285 δὲ
361 3220 527 3310 μελλούσας
546 3215 709 3296 ἀθανασίας
725 3215 767 3285 τὰ
787 3221 919 3311 σώματα
937 3225 1095 3296 παντελῶς
1122 3212 1232 3309 δίμοιρα

242 3346 300 3436 ἦν,
315 3349 423 3424 ἀσθενῆ
441 3375 474 3417 τε
492 3349 545 3416 καὶ
561 3346 689 3444 περιττὰ
704 3348 756 3416 καὶ
776 3349 841 3424 εἰκῆ
856 3349 976 3440 κείμενα
993 3347 1048 3436 ἦν,
1064 3349 1115 3415 καὶ
1130 3347 1231 3440 μοίτην

245 3490 315 3576 ἡμῖν
330 3487 346 3550 ὁ
363 3481 497 3550 Πλοίτων
512 3481 748 3576 παρακελεύεται
767 3490 821 3560 τῆς
838 3486 935 3547 αὑτοῦ
947 3480 1063 3560 πολειυς
1083 3483 1156 3561 τοὺς
1176 3483 1233 3575 ριί-

242 3624 341 3694 λακας
368 3621 574 3695 τελευτῶντας
599 3619 689 3708 τιμᾷν
714 3616 765 3682 καὶ
790 3623 850 3682 τῶν
882 3614 1031 3708 σωμάτων
1061 3612 1115 3694 τὰς
1140 3616 1233 3694 δίκας

246 3755 417 3845 προσκυνεῖν
433 3735 485 3839 (σὺ
501 3745 559 3842 γὰρ
575 3749 692 3816 τούτων
707 3737 878 3841 ἔμπειρος)
898 3745 949 3839 κα)
966 3742 1065 3826 ἄλλως
1083 3739 1192 3837 (539),
1207 3748 1232 3814 εἰ
1335 3791 1337 3795 ·

246 3884 316 3963 τοὺς
341 3882 488 3977 πονηροὺς
506 3880 623 3977 ἀνάγκη
651 3877 730 3975 μετὰ
753 3883 896 3974 σώματος
922 3882 1070 3974 ὁποτέρου
1090 3881 1233 3966 βούλεσθε

246 4017 287 4093 εἰς
306 4017 341 4084 τὸ
361 4025 417 4094 τῆς
437 4015 543 4096 τίσευς
562 4015 634 4084 ἰέναι
653 4005 877 4108 δεσμωτήριον,
894 4023 958 4093 πῶς
980 4017 1013 4082 οὐ
1036 4007 1151 4082 δίκαιον
1170 4021 1231 4080 τῶν
