2864 4810
285 463 326 526 16
667 463 719 527 ΑΙ
726 459 756 524 N
763 461 877 528 ΕῙΑΣ

693 625 854 702 mmm

332 748 407 839 Φίρε
433 744 504 840 γὰρ,
534 745 558 812 ὦ
582 746 777 842 Θεόφραστε·
798 748 822 815 εί
846 746 949 840 ψαρῶν
966 750 1078 842 ἀγέλην
1099 748 1118 824 ἢ
1139 749 1270 844 γεράνων

278 870 453 973 κλαγγηδὸν
474 883 645 973 πετομένων
671 873 827 967 κατίδοις,
852 881 923 961 ἴσως
948 878 983 948 ἀν
1010 881 1098 975 φαίης
1111 882 1194 960 ’τοὺς
1222 879 1270 948 ἐπὶ

280 1015 427 1112 στρατιάς
451 1009 471 1087 ἢ
492 1023 600 1106 σκηνῆς
625 1005 892 1109 διαταράττοντας
912 1001 1027 1107 (151),
1052 1016 1104 1082 καὶ
1127 1009 1270 1107 ὑόριστὰς

279 1142 330 1210 καὶ
355 1140 557 1238 θορυόσῢντας
582 1146 634 1214 καὶ
658 1125 910 1242 ἀσελγαίνοντας,
936 1121 1275 1231 τελευτάσανταςτού-1

279 1303 343 1356 τοις
360 1285 424 1362 τοῖς
443 1281 553 1371 ὀρνέοις
575 1272 772 1358 συνδεδέσθαι
793 1281 845 1349 καὶ
866 1282 1101 1376 συνταράττειν,
1120 1279 1173 1348 καὶ
1194 1281 1269 1366 βοᾷν

278 1406 382 1506 οἷάπερ
403 1416 514 1492 ἐκεῖνα,
538 1415 589 1479 καὶ
605 1424 766 1502 πανταχοῦ
786 1415 979 1480 συνέπεσθαι·
996 1414 1022 1477 εί
1041 1405 1076 1478 δὲ
1095 1413 1214 1480 ἁλόντα
1229 1410 1271 1480 τά

279 1541 365 1632 ὄρνεα
389 1541 506 1626 θύοιτο,
526 1551 587 1634 τῶν
612 1533 778 1634 δεσμωτῶν
799 1541 934 1636 γίγνοιτο
954 1545 1033 1636 φυγὴ
1055 1530 1149 1634 (152)
1167 1547 1186 1618 ἡ
1207 1551 1268 1610 τῶν

280 1668 402 1763 ὀρνίθων
428 1675 543 1768 σφαγαί
568 1650 703 1767 λύονται
720 1672 777 1766 γὰρ
805 1665 1022 1766 ἀφανιζομένης
1047 1683 1102 1752 τῆς
1129 1669 1270 1776 ψυχῆςτί

281 1793 494 1898 συνεδέθησαν·
525 1808 559 1870 οὐ
589 1800 647 1900 γὰρ
673 1805 908 1894 ἀθάνατσνιτην
937 1801 1048 1897 άλογον
1072 1803 1170 1897 ψυχὴν
1197 1799 1269 1873 εἶναι

281 1937 409 2026 φύσουσι
430 1929 535 2030 (153).
556 1933 597 2000 Τί
621 1927 672 2020 δίς
691 1915 811 2030 είάταῖς
834 1938 941 2032 ἀφύαις
970 1929 1134 2005 συνδεθεῖεν
1159 1938 1269 2004 αἰτῶν

195 2136 200 2144 ,
281 2067 454 2162 ἀνθρώπωνΙ
468 2066 576 2160 ψυχαὶ,
596 2067 627 2137 εὖ
649 2069 779 2162 πράττοι
802 2061 837 2158 δὲ
862 2080 926 2156 τῶν,
945 2071 1154 2156 ἀσπαλιευτῶν
1175 2075 1193 2144 ἠ
1218 2095 1271 2152 σα,

279 2203 373 2300 γόνυ,
393 2198 469 2271 ἀλλο
483 2228 513 2270 τι
532 2201 550 2278 ἢ
569 2203 708 2270 λυθεῖσαι
724 2213 778 2296 τῆς
796 2179 945 2296 τιμωρίας
958 2175 1235 2297 καταγελάσουσινς
1254 2207 1270 2268 ό

278 2331 336 2428 γὰρ
369 2344 428 2402 τῶν
454 2335 564 2429 ἰχθύωνΙ
582 2327 693 2430 δεσμὸς
717 2346 777 2427 τῶν
798 2334 902 2426 ψυχῶν
920 2339 1005 2426 λύσις
1032 2335 1115 2420 ἐστὶ,
1135 2335 1186 2402 καὶ
1208 2343 1269 2399 τῶν

280 2467 382 2558 ἀρνῶν
400 2472 418 2538 ιὶ
438 2467 514 2556 θύρα
527 2473 594 2542 ταῖς
609 2437 806 2556 ἀνθρωπίναις
827 2463 936 2554 ψυχαῖς
955 2462 1103 2553 ἐλευθερία
1118 2433 1267 2560 γίγνεται.

280 2575 351 2669 ίθδη
372 2588 406 2662 δὲ
425 2596 650 2690 μελιττουργσὶ,
669 2607 724 2674 τῆς
748 2595 891 2688 μελίσσης
913 2596 1137 2679 ἀπολιπούσης,
1169 2621 1267 2686 μηχα-

278 2735 390 2793 νῶνται
420 2717 538 2793 τοιόνδε
565 2716 671 2818 (155).
701 2725 754 2804 Εἰς
782 2725 912 2793 οἰκίσκον
943 2705 1013 2812 βοῦν
1042 2724 1265 2812 εἰσελάσαντες,

278 2857 401 2926 παίουσι
431 2851 543 2938 ξύλοις,
574 2861 628 2936 έως
657 2855 691 2926 θιν
710 2857 847 2926 ἀπείποι·
867 2859 955 2926 καὶὸ
982 2861 1034 2951 μὲν
1060 2863 1141 2926 οὕτω
1167 2863 1266 2926 πισῶν

277 2988 468 3083 προτίθεται·
489 2990 517 3058 οἱ
536 2982 640 3070 δὲτὰς
654 2991 742 3086 θύρας
757 2973 888 3084 ἀκριύῶς
906 2989 1152 3085 συγκλείσαντες,
1172 2995 1211 3069 ὡς
1230 2985 1265 3056 ἀν

277 3113 452 3216 μηδαμόθεν
469 3114 597 3190 είσδύνοι
613 3124 650 3191 τὸ
666 3134 799 3215 πνεῦμα,
815 3124 888 3190 τότε
904 3121 958 3216 μέν
976 3123 1127 3198 ἀπῆλθον·
1138 3121 1264 3215 ἀριθμη-

277 3280 385 3333 σαντις
411 3247 446 3322 δὲ
467 3256 578 3348 ἡμέρας
603 3243 973 3348 τεσσάφακονταίιύὸ),
997 3255 1048 3322 καὶ
1073 3259 1193 3346 ὕστερον
1215 3244 1266 3317 ’δι-

277 3379 464 3472 ανοίξαντες,
487 3388 646 3460 σεσηπότα
666 3389 717 3479 μὲν
739 3388 791 3454 τόν
813 3391 883 3472 βοῶν
906 3387 1091 3480 εὑρίσκουσι,
1115 3385 1206 3479 μυρία
1230 3375 1264 3449 δὲ

276 3519 341 3585 ἀνθ’
360 3518 420 3597 ἑνὸς
441 3512 504 3598 ζῶα
517 3519 750 3614 περιῖπτάμενα·
771 3498 920 3611 μελιττῶν
938 3529 1008 3613 γοῦν
1028 3509 1166 3608 ἐξαίφνης
1185 3519 1263 3590 πλη·

279 3657 365 3747 ρηςὸ
383 3647 463 3730 οἶκος
482 3651 591 3744 ἐφάνη,
612 3646 643 3718 αῖ
661 3663 715 3718 τοῦ
742 3653 813 3738 βοὸς
833 3645 1019 3746 ἐξεγένοντο,
1038 3650 1089 3718 καὶ
1106 3655 1263 3741 τραφεῖσαι

279 3764 428 3878 βοτρυδὸν
445 3791 508 3863 τοῖς
528 3792 647 3877 πτεροῖς
665 3786 844 3878 ἐχρήσαντο.
862 3786 988 3862 Ταύτας
1007 3771 1148 3875 (157λοὶ
1162 3787 1263 3874 μελιτ·

278 3917 400 4011 τουργοὶ
417 3911 644 4009 παραλαόόντες
663 3911 713 3986 καί
725 3915 983 4006 θεραπεύσαντες,
1001 3919 1054 3990 τὴν
1070 3922 1125 3981 τσῖ
1141 3915 1263 4003 μέλιτος
