2818 4814
423 451 783 530 ,οειπκιοκ
893 403 897 412 ’
1095 445 1134 508 33

153 609 289 702 ἀμόρφου
311 609 472 702 παραθέσει
486 603 545 676 οἷον
563 609 600 674 τὸ
616 607 726 685 κάλλος
742 606 792 674 καὶ
806 606 871 673 ὅθεν
888 608 1016 698 ἀφῖκται
1033 616 1070 700 τῇ
1085 609 1138 699 φό·

153 767 197 808 σει
221 750 277 807 τοῦ
301 739 430 818 καλλους
456 745 474 814 ἡ
503 735 647 833 χορηγίαι
677 733 874 830 ἀκριόεστίρα
901 729 936 804 δὲ
961 747 1014 805 τοῦ
1044 739 1139 804 καλοῦ

151 882 260 966 γνῶσις
278 879 296 947 ή
326 882 381 940 τοῦ
408 882 503 940 κακοῦ
521 871 657 966 γίγνεται
682 876 780 964 πεῖρα.
801 871 845 936 Τὸ
863 861 897 938 δὲ
919 872 1138 964 χαριέστατον,

152 1008 211 1094 οὐχ
228 1001 267 1083 εἷς
284 1013 338 1082 τῆς
355 1003 510 1098 θεραπείας
531 1007 546 1069 ὁ
562 1000 689 1094 τρόπος·
710 1003 744 1068 οὐ
757 997 815 1095 γὰρ
830 1001 871 1067 ἑνὶ
884 1003 1032 1096 φαρμάκῳ
1047 1007 1065 1078 ἡ
1083 1013 1138 1082 τῆς
1231 1087 1235 1098 ,

153 1135 296 1229 προνοίας
317 1135 435 1228 ἰατρικὴ
458 1139 597 1226 χρήσαιτ’
624 1127 679 1218 διν,
704 1134 770 1200 ἀλλ’
796 1127 872 1200 ἄλλο
895 1131 980 1220 ἀλλφ
1009 1138 1138 1227 προσφί·

153 1293 200 1358 ,ρει
220 1261 325 1350 (306)·
346 1265 442 1332 ἅπασι
461 1255 496 1332 δὲ
513 1267 686 1357 προσφέρει·
706 1263 826 1338 ποικίλη
843 1262 936 1357 γάρὴ
957 1267 1064 1357 τέχνη,
1079 1266 1142 1333 ἐπεὶ

154 1397 207 1465 καὶ
230 1394 270 1463 τὰ
295 1395 375 1470 πάθη
405 1395 603 1464 ποικίλλεται.
624 1383 653 1462 O
674 1397 726 1488 μὲν
747 1407 792 1482 τῷ
810 1400 852 1486 μή
874 1401 944 1490 όρᾷν
967 1407 1024 1464 τοῦ
1043 1407 1143 1474 κακῶς

153 1533 222 1622 ε’ρᾷν
250 1529 411 1622 ἀπηλλάγη
433 1523 540 1612 (307)·
562 1518 647 1612 ὅδὲ,
678 1526 729 1595 καὶ
755 1530 867 1596 τούτου
893 1535 1141 1622 καταφρονήσας,

157 1673 210 1729 τοῦ
228 1655 318 1739 ὀξέως
337 1666 467 1754 ὁρῶντος
486 1653 626 1754 ὀξύτερος
649 1661 724 1753 πρὸς
745 1651 857 1740 ήδονάς
876 1661 1007 1754 ἀνεφάνη
1029 1656 1140 1760 (308),

156 1789 206 1860 καί
225 1793 381 1886 φάρμακον
400 1796 499 1886 ἕτερον
516 1785 665 1872 ἐπιζητεῖ,
684 1789 778 1858 ἐνίοτε
798 1783 833 1860 δὲ
850 1792 902 1860 καὶ
922 1801 981 1886 πῦρ
1003 1793 1142 1884 ἀναμένει

153 1925 205 1992 καὶ
225 1917 375 2018 σίδηρον·
388 1931 434 2010 τῷ
454 1917 489 1992 δὲ
508 1926 583 2018 πρὸς
602 1926 794 2016 σωφροσύνην
811 1926 933 2018 ήρκεσεν
951 1931 970 1999 ιθ
989 1934 1051 1992 τῶν
1068 1951 1141 2018 χρη-

155 2056 263 2148 μάτων
283 2055 406 2144 ἀπορία.
429 2041 521 2141 Ᾰλλῳ
540 2052 615 2122 ἀλλο
630 2050 720 2138 (309)
742 2059 882 2148 συμφέρει
900 2056 952 2124 καὶ
974 2061 1008 2122 οὐ
1029 2055 1142 2122 ταυτὸν

157 2188 274 2254 ἀπασι·
303 2185 354 2252 καὶ
376 2159 503 2252 Ιἑκάστου
523 2184 636 2261 πάθους
665 2183 759 2275 συχνὰ
782 2183 824 2250 τὰ
852 2186 996 2276 φάρμακα
1006 2238 1023 2288 ’.
1033 2188 1106 2254 ὅθεν
1125 2193 1143 2258 ή

156 2319 248 2408 τέχνη
270 2307 505 2393 καλλωπίζεται.
530 2305 641 2382 Ᾰλλ’ό
662 2325 717 2394 τῆς
735 2314 872 2407 ἰατρικῆς
889 2311 1010 2408 άπειρος
1020 2333 1040 2396 ‚J
1049 2313 1072 2380 εἰ
1091 2339 1145 2384 κα-

156 2439 239 2516 τίδοι
257 2447 415 2542 φάρμακον
437 2449 509 2540 όπερ
531 2448 679 2540 ἠγνόησε,
699 2449 751 2516 τὸν
778 2445 881 2541 ἰατρὸν
903 2439 1108 2538 ἐλοιδόρησεν·
1128 2453 1145 2514 ό
1188 2529 1194 2546 ¹

156 2571 195 2644 δ”
216 2575 283 2646 ἀνευ
310 2578 405 2672 λόγου
430 2576 481 2644 καὶ
508 2583 676 2670 ἐπιστήμης
702 2574 889 2670 ἐπεμόαίνων
918 2587 957 2670 τῇ
982 2577 1144 2672 τόχνῃ,ίν

157 2711 258 2803 μαθὼν
278 2710 454 2803 φάρμακον,
470 2713 583 2776 ταυτὸν
598 2715 689 2778 τεοῖσιν
710 2704 801 2794 (310)
818 2710 923 2803 ἐπάγει
940 2717 1003 2786 τοῖς
1018 2711 1145 2802 κάμνου-

158 2868 223 2924 σιν,
240 2834 325 2910 οὐδὲν
346 2833 505 2934 διορίζων,
522 2845 555 2908 οὐ
577 2844 683 2934 φύσιν,
700 2844 734 2909 οὐ
754 2845 878 2935 κρᾶσιν,
898 2844 931 2910 οὐ
950 2844 1072 2934 χώραν,
1088 2846 1146 2933 οὐχ

157 2974 291 3060 ἠλικίαν,
307 2979 341 3041 οὐ
353 2974 449 3054 πάθος
459 3025 467 3052 ,
479 2971 517 3040 ὧν
530 2965 617 3042 οὐδὲν
636 2974 690 3040 τὸν
704 2976 926 3064 τεχνικώτατον
940 2966 1143 3066 παρέδραμεν.

158 3094 247 3192 ὁλως
268 3098 303 3174 δὲ
322 3105 409 3174 πενία
425 3105 476 3174 καὶ
494 3106 581 3183 νόσος
596 3104 646 3171 καὶ
670 3101 711 3170 τὰ
732 3105 882 3198 λεγόμενα
904 3102 985 3172 κακά
1010 3113 1072 3184 τοῖς
1092 3107 1145 3198 μὲν

159 3239 283 3333 ἀγαθοῖς
302 3228 388 3304 οὐδέν
411 3231 532 3332 (οὐγὰρ
552 3237 591 3315 εἰς
612 3243 765 3316 πλοῦτον,
790 3236 808 3312 ἢ
830 3241 973 3330 σώματος
1000 3239 1099 3332 ῥώμην
1125 3237 1143 3313 ἢ

158 3369 288 3454 κάλλος,
317 3373 414 3448 αὐτοῖς
432 3375 451 3446 ή
474 3361 685 3462 παρασκευή),
704 3377 767 3448 τοῖς
795 3360 829 3436 δὲ
848 3369 1053 3462 φαυλοτάτοις
1072 3398 1147 3464 συμ·

160 3494 240 3594 φορά
256 3492 425 3592 νομίζεται·
444 3500 510 3578 ἄλλ’
528 3500 608 3592 ὅμως
627 3501 772 3579 κάκείνοις
784 3503 832 3579 ἔτι
844 3506 960 3592 μᾶλλον
975 3506 1144 3605 συνήνεγκε.

161 3639 261 3700 πᾶσαν
283 3629 341 3727 γὰρ
362 3626 401 3708 δή
429 3631 537 3700 κακίαν
563 3623 660 3707 ἡδονή
684 3634 750 3724 μὲν,
777 3637 876 3727 ὥσπερ
903 3634 1003 3704 ἔλαιον
1029 3637 1162 3732 φλόγαχ
1261 3646 1267 3655 “

163 3755 308 3858 διεγείρει·
320 3767 402 3838 λόπη
421 3755 468 3848 δὲ,
482 3763 616 3855 καθάπερ
631 3767 646 3830 ό
664 3753 889 3857 μανδραγόρας,
903 3758 1027 3856 κοιμίζει
1043 3759 1093 3844 (31
1103 3750 1144 3860 ε).

163 3900 209 3962 Οθ
232 3895 290 3990 γὰρ
310 3867 400 3990 μόνον
419 3902 448 3965 ἐν
469 3903 531 3976 τοῖς
550 3901 706 3989 σώμασιν,
724 3895 804 3964 αλλὰ
821 3896 873 3964 καὶ
894 3905 961 3974 ταῖς
979 3893 1088 3986 ψυχαῖς
1108 3894 1147 3962 τὰ

997 4029 1014 4091 3
