<?xml version="1.0" encoding="UTF-8"?>
<!DOCTYPE html PUBLIC "-//W3C//DTD XHTML 1.0 Transitional//EN"
    "http://www.w3.org/TR/xhtml1/DTD/xhtml1-transitional.dtd">
<html xmlns="http://www.w3.org/1999/xhtml" xml:lang="en" lang="en">
 <head>
  <title>
</title>
<meta http-equiv="Content-Type" content="text/html;charset=utf-8" />
  <meta name='ocr-system' content='tesseract 3.04.00' />
  <meta name='ocr-capabilities' content='ocr_page ocr_carea ocr_par ocr_line ocrx_word'/>
</head>
<body>
  <div class='ocr_page' id='page_1' title='image "aeneasgazaeuset00zachgoog_0138.png"; bbox 0 0 2818 4814; ppageno 0'>
   <div class='ocr_carea' id='block_1_1' title="bbox 478 443 1155 543">
    <p class='ocr_par' dir='ltr' id='par_1_1' title="bbox 478 443 1155 543">
     <span class='ocr_line' id='line_1_1' title="bbox 478 443 1155 543; baseline 0.003 -25"><span class='ocrx_word' id='word_1_1' title='bbox 478 443 482 450; x_wconf 82' lang='grc'><em>’</em></span> <span class='ocrx_word' id='word_1_2' title='bbox 524 451 803 521; x_wconf 71' lang='grc' dir='ltr'>οτιτιιοε.</span> <span class='ocrx_word' id='word_1_3' title='bbox 1116 455 1155 543; x_wconf 83' lang='lat'>57</span> 
     </span>
    </p>
   </div>
   <div class='ocr_carea' id='block_1_2' title="bbox 165 603 1163 2154">
    <p class='ocr_par' dir='ltr' id='par_1_2' title="bbox 165 603 1163 2154">
     <span class='ocr_line' id='line_1_2' title="bbox 168 603 1156 706; baseline -0.005 -23"><span class='ocrx_word' id='word_1_4' title='bbox 168 617 266 683; x_wconf 78' lang='grc' dir='ltr'>λαθεῖν</span> <span class='ocrx_word' id='word_1_5' title='bbox 287 613 338 680; x_wconf 82' lang='grc' dir='ltr'>καὶ</span> <span class='ocrx_word' id='word_1_6' title='bbox 356 620 517 704; x_wconf 73' lang='grc' dir='ltr'>πανταχοῦ</span> <span class='ocrx_word' id='word_1_7' title='bbox 535 603 762 703; x_wconf 76' lang='grc' dir='ltr'>διαφαίνεσθαι,</span> <span class='ocrx_word' id='word_1_8' title='bbox 780 610 831 678; x_wconf 79' lang='grc' dir='ltr'>καὶ</span> <span class='ocrx_word' id='word_1_9' title='bbox 846 612 1029 706; x_wconf 76' lang='grc' dir='ltr'>σεμνοτέραν</span> <span class='ocrx_word' id='word_1_10' title='bbox 1042 603 1156 679; x_wconf 81' lang='grc' dir='ltr'>δειανό·</span> 
     </span>
     <span class='ocr_line' id='line_1_3' title="bbox 169 735 1155 838; baseline -0.006 -24"><span class='ocrx_word' id='word_1_11' title='bbox 169 773 217 814; x_wconf 89' lang='grc' dir='ltr'>ναι</span> <span class='ocrx_word' id='word_1_12' title='bbox 232 749 288 822; x_wconf 81' lang='grc' dir='ltr'>τθν</span> <span class='ocrx_word' id='word_1_13' title='bbox 305 748 429 838; x_wconf 87' lang='grc' dir='ltr'>τέχνην·</span> <span class='ocrx_word' id='word_1_14' title='bbox 449 744 515 837; x_wconf 88' lang='grc' dir='ltr'>ἀμα</span> <span class='ocrx_word' id='word_1_15' title='bbox 529 735 564 812; x_wconf 75' lang='grc' dir='ltr'>δὲ</span> <span class='ocrx_word' id='word_1_16' title='bbox 580 743 633 812; x_wconf 81' lang='grc' dir='ltr'>καὶ</span> <span class='ocrx_word' id='word_1_17' title='bbox 646 751 713 820; x_wconf 88' lang='grc' dir='ltr'>ταῖς</span> <span class='ocrx_word' id='word_1_18' title='bbox 726 749 862 836; x_wconf 78' lang='grc' dir='ltr'>λογιναῖς</span> <span class='ocrx_word' id='word_1_19' title='bbox 877 740 992 821; x_wconf 80' lang='grc' dir='ltr'>οὐσίαις</span> <span class='ocrx_word' id='word_1_20' title='bbox 1005 735 1155 810; x_wconf 74' lang='grc' dir='ltr'>ἐνδεικνύ-</span> 
     </span>
     <span class='ocr_line' id='line_1_4' title="bbox 168 867 1158 971; baseline -0.003 -26"><span class='ocrx_word' id='word_1_21' title='bbox 168 903 271 969; x_wconf 89' lang='grc' dir='ltr'>μενος,</span> <span class='ocrx_word' id='word_1_22' title='bbox 283 880 346 953; x_wconf 83' lang='grc' dir='ltr'>,ότι</span> <span class='ocrx_word' id='word_1_23' title='bbox 364 880 405 970; x_wconf 78' lang='grc' dir='ltr'>μθ</span> <span class='ocrx_word' id='word_1_24' title='bbox 425 869 465 943; x_wconf 89' lang='grc' dir='ltr'>δι’</span> <span class='ocrx_word' id='word_1_25' title='bbox 487 875 638 971; x_wconf 73' lang='grc' dir='ltr'>ἀνάγκην,</span> <span class='ocrx_word' id='word_1_26' title='bbox 664 871 745 942; x_wconf 78' lang='grc' dir='ltr'>ἀλλὰ</span> <span class='ocrx_word' id='word_1_27' title='bbox 769 871 850 942; x_wconf 86' lang='grc' dir='ltr'>ιιατθι</span> <span class='ocrx_word' id='word_1_28' title='bbox 868 867 983 969; x_wconf 83' lang='grc' dir='ltr'>δωρεὰν</span> <span class='ocrx_word' id='word_1_29' title='bbox 1008 878 1064 950; x_wconf 71' lang='grc' dir='ltr'>τὴν</span> <span class='ocrx_word' id='word_1_30' title='bbox 1084 875 1158 944; x_wconf 83' lang='grc' dir='ltr'>ἀθα·</span> 
     </span>
     <span class='ocr_line' id='line_1_5' title="bbox 166 1002 1156 1103; baseline -0.004 -27"><span class='ocrx_word' id='word_1_31' title='bbox 166 1009 272 1077; x_wconf 90' lang='grc' dir='ltr'>νασίαν</span> <span class='ocrx_word' id='word_1_32' title='bbox 288 1013 396 1087; x_wconf 82' lang='grc' dir='ltr'>αὐταῖς</span> <span class='ocrx_word' id='word_1_33' title='bbox 405 1002 578 1103; x_wconf 75' lang='grc' dir='ltr'>χαρίζεται,</span> <span class='ocrx_word' id='word_1_34' title='bbox 593 1004 644 1073; x_wconf 84' lang='grc' dir='ltr'>καὶ</span> <span class='ocrx_word' id='word_1_35' title='bbox 656 1007 687 1072; x_wconf 84' lang='grc' dir='ltr'>ε’ν</span> <span class='ocrx_word' id='word_1_36' title='bbox 706 1012 771 1082; x_wconf 80' lang='grc' dir='ltr'>τοῖς</span> <span class='ocrx_word' id='word_1_37' title='bbox 787 1007 916 1097; x_wconf 75' lang='grc' dir='ltr'>πρώτοις</span> <span class='ocrx_word' id='word_1_38' title='bbox 933 1010 1008 1074; x_wconf 82' lang='grc' dir='ltr'>έκθιν</span> <span class='ocrx_word' id='word_1_39' title='bbox 1019 1005 1156 1090; x_wconf 79' lang='grc' dir='ltr'>τίθησιν,</span> 
     </span>
     <span class='ocr_line' id='line_1_6' title="bbox 166 1127 1157 1234; baseline -0.006 -24"><span class='ocrx_word' id='word_1_40' title='bbox 166 1148 202 1210; x_wconf 88' lang='grc' dir='ltr'>οῦ</span> <span class='ocrx_word' id='word_1_41' title='bbox 224 1149 287 1208; x_wconf 82' lang='grc' dir='ltr'>τῶν</span> <span class='ocrx_word' id='word_1_42' title='bbox 307 1134 456 1234; x_wconf 85' lang='grc' dir='ltr'>δευτέρων</span> <span class='ocrx_word' id='word_1_43' title='bbox 473 1138 606 1232; x_wconf 80' lang='grc' dir='ltr'>ἀπορίᾳ,</span> <span class='ocrx_word' id='word_1_44' title='bbox 630 1137 680 1204; x_wconf 75' lang='grc' dir='ltr'>καὶ</span> <span class='ocrx_word' id='word_1_45' title='bbox 704 1142 743 1215; x_wconf 84' lang='grc' dir='ltr'>ὡς</span> <span class='ocrx_word' id='word_1_46' title='bbox 762 1127 813 1204; x_wconf 86' lang='grc' dir='ltr'>δεῖ</span> <span class='ocrx_word' id='word_1_47' title='bbox 827 1133 869 1202; x_wconf 80' lang='grc' dir='ltr'>τὰ</span> <span class='ocrx_word' id='word_1_48' title='bbox 886 1147 994 1227; x_wconf 84' lang='grc' dir='ltr'>πρῶτα</span> <span class='ocrx_word' id='word_1_49' title='bbox 1011 1147 1072 1204; x_wconf 80' lang='grc' dir='ltr'>τῶν</span> <span class='ocrx_word' id='word_1_50' title='bbox 1087 1130 1157 1204; x_wconf 86' lang='grc' dir='ltr'>δευ-</span> 
     </span>
     <span class='ocr_line' id='line_1_7' title="bbox 167 1256 1157 1361; baseline -0.006 -24"><span class='ocrx_word' id='word_1_51' title='bbox 167 1272 265 1361; x_wconf 89' lang='grc' dir='ltr'>τέρων</span> <span class='ocrx_word' id='word_1_52' title='bbox 281 1269 484 1361; x_wconf 84' lang='grc' dir='ltr'>έπιμελεῖσθαι</span> <span class='ocrx_word' id='word_1_53' title='bbox 497 1267 550 1335; x_wconf 80' lang='grc' dir='ltr'>καὶ</span> <span class='ocrx_word' id='word_1_54' title='bbox 564 1259 656 1359; x_wconf 86' lang='grc' dir='ltr'>μηδὲν</span> <span class='ocrx_word' id='word_1_55' title='bbox 673 1259 705 1344; x_wconf 77' lang='grc' dir='ltr'>ἐξ</span> <span class='ocrx_word' id='word_1_56' title='bbox 719 1270 819 1335; x_wconf 77' lang='grc' dir='ltr'>αὐτῶν</span> <span class='ocrx_word' id='word_1_57' title='bbox 829 1266 1036 1358; x_wconf 75' lang='grc' dir='ltr'>ἐμπίπλασθαι</span> <span class='ocrx_word' id='word_1_58' title='bbox 1050 1256 1157 1360; x_wconf 83' lang='grc' dir='ltr'>(47ι),</span> 
     </span>
     <span class='ocr_line' id='line_1_8' title="bbox 168 1390 1160 1492; baseline -0.005 -24"><span class='ocrx_word' id='word_1_59' title='bbox 168 1398 259 1468; x_wconf 82' lang='grc' dir='ltr'>ἀλλθι</span> <span class='ocrx_word' id='word_1_60' title='bbox 274 1410 337 1467; x_wconf 87' lang='grc' dir='ltr'>τῶν</span> <span class='ocrx_word' id='word_1_61' title='bbox 365 1401 503 1492; x_wconf 78' lang='grc' dir='ltr'>ἐσχάτων</span> <span class='ocrx_word' id='word_1_62' title='bbox 532 1399 733 1491; x_wconf 77' lang='grc' dir='ltr'>ἐφάπτεσθαι,</span> <span class='ocrx_word' id='word_1_63' title='bbox 761 1391 811 1466; x_wconf 78' lang='grc' dir='ltr'>καὶ</span> <span class='ocrx_word' id='word_1_64' title='bbox 838 1408 896 1477; x_wconf 85' lang='grc' dir='ltr'>τῆς</span> <span class='ocrx_word' id='word_1_65' title='bbox 920 1398 1015 1490; x_wconf 77' lang='grc' dir='ltr'>ἀρχῆς</span> <span class='ocrx_word' id='word_1_66' title='bbox 1034 1390 1160 1491; x_wconf 78' lang='grc' dir='ltr'>ἐξηρτῆ-</span> 
     </span>
     <span class='ocr_line' id='line_1_9' title="bbox 167 1518 1162 1626; baseline -0.004 -26"><span class='ocrx_word' id='word_1_67' title='bbox 167 1532 256 1616; x_wconf 86' lang='grc' dir='ltr'>σθαι,</span> <span class='ocrx_word' id='word_1_68' title='bbox 273 1533 325 1600; x_wconf 79' lang='grc' dir='ltr'>καὶ</span> <span class='ocrx_word' id='word_1_69' title='bbox 343 1534 418 1626; x_wconf 85' lang='grc' dir='ltr'>πρὸς</span> <span class='ocrx_word' id='word_1_70' title='bbox 436 1534 535 1605; x_wconf 48' lang='grc' dir='ltr'>αὐτὴν,</span> <span class='ocrx_word' id='word_1_71' title='bbox 547 1529 593 1597; x_wconf 86' lang='grc' dir='ltr'>ἀεὶ</span> <span class='ocrx_word' id='word_1_72' title='bbox 611 1531 730 1615; x_wconf 76' lang='grc' dir='ltr'>βλέπειν</span> <span class='ocrx_word' id='word_1_73' title='bbox 751 1518 865 1623; x_wconf 83' lang='grc' dir='ltr'>(47α),</span> <span class='ocrx_word' id='word_1_74' title='bbox 885 1529 937 1597; x_wconf 85' lang='grc' dir='ltr'>καὶ</span> <span class='ocrx_word' id='word_1_75' title='bbox 952 1536 1046 1597; x_wconf 83' lang='grc' dir='ltr'>ποιεῖν</span> <span class='ocrx_word' id='word_1_76' title='bbox 1064 1529 1101 1596; x_wconf 87' lang='grc' dir='ltr'>τθ</span> <span class='ocrx_word' id='word_1_77' title='bbox 1118 1553 1162 1596; x_wconf 82' lang='grc' dir='ltr'>κε·</span> 
     </span>
     <span class='ocr_line' id='line_1_10' title="bbox 165 1661 1163 1759; baseline -0.003 -27"><span class='ocrx_word' id='word_1_78' title='bbox 165 1666 345 1759; x_wconf 83' lang='grc' dir='ltr'>λουόμενον,</span> <span class='ocrx_word' id='word_1_79' title='bbox 361 1666 413 1733; x_wconf 78' lang='grc' dir='ltr'>καὶ</span> <span class='ocrx_word' id='word_1_80' title='bbox 432 1662 577 1759; x_wconf 81' lang='grc' dir='ltr'>ἄρχεσθαι</span> <span class='ocrx_word' id='word_1_81' title='bbox 595 1669 712 1756; x_wconf 78' lang='grc' dir='ltr'>μᾶλλον</span> <span class='ocrx_word' id='word_1_82' title='bbox 727 1663 746 1740; x_wconf 81' lang='grc' dir='ltr'><strong>ἢ</strong></span> <span class='ocrx_word' id='word_1_83' title='bbox 769 1661 868 1758; x_wconf 87' lang='grc' dir='ltr'>ἀρχειν</span> <span class='ocrx_word' id='word_1_84' title='bbox 888 1664 1068 1749; x_wconf 81' lang='grc' dir='ltr'>βουλεσθαι·</span> <span class='ocrx_word' id='word_1_85' title='bbox 1083 1666 1163 1730; x_wconf 75' lang='grc' dir='ltr'>ἐλευ-</span> 
     </span>
     <span class='ocr_line' id='line_1_11' title="bbox 167 1783 1158 1893; baseline -0.003 -27"><span class='ocrx_word' id='word_1_86' title='bbox 167 1799 250 1893; x_wconf 89' lang='grc' dir='ltr'>θερία</span> <span class='ocrx_word' id='word_1_87' title='bbox 263 1796 320 1893; x_wconf 79' lang='grc' dir='ltr'>γὰρ</span> <span class='ocrx_word' id='word_1_88' title='bbox 333 1798 384 1868; x_wconf 84' lang='grc' dir='ltr'>καὶ</span> <span class='ocrx_word' id='word_1_89' title='bbox 394 1806 434 1878; x_wconf 84' lang='grc' dir='ltr'>ὡς</span> <span class='ocrx_word' id='word_1_90' title='bbox 448 1799 565 1877; x_wconf 85' lang='grc' dir='ltr'>ἀληθῶς</span> <span class='ocrx_word' id='word_1_91' title='bbox 581 1790 707 1892; x_wconf 87' lang='grc' dir='ltr'>δόναμις</span> <span class='ocrx_word' id='word_1_92' title='bbox 723 1809 767 1886; x_wconf 83' lang='grc' dir='ltr'>τῷ</span> <span class='ocrx_word' id='word_1_93' title='bbox 779 1799 883 1892; x_wconf 84' lang='grc' dir='ltr'>ἀγαθῷ</span> <span class='ocrx_word' id='word_1_94' title='bbox 896 1789 1045 1866; x_wconf 77' lang='grc' dir='ltr'>δουλεύειν</span> <span class='ocrx_word' id='word_1_95' title='bbox 1061 1783 1158 1887; x_wconf 75' lang='grc'>(473)</span> 
     </span>
     <span class='ocr_line' id='line_1_12' title="bbox 168 1927 1161 2025; baseline -0.003 -27"><span class='ocrx_word' id='word_1_96' title='bbox 168 1931 320 2022; x_wconf 82' lang='grc' dir='ltr'>ῖρίεσθαι.-</span> <span class='ocrx_word' id='word_1_97' title='bbox 341 1936 398 1999; x_wconf 87' lang='grc' dir='ltr'>Δεῖ</span> <span class='ocrx_word' id='word_1_98' title='bbox 422 1930 520 1998; x_wconf 89' lang='grc' dir='ltr'>τοίνυν</span> <span class='ocrx_word' id='word_1_99' title='bbox 545 1931 617 2009; x_wconf 82' lang='grc' dir='ltr'>τοὺς</span> <span class='ocrx_word' id='word_1_100' title='bbox 642 1933 768 2025; x_wconf 75' lang='grc' dir='ltr'>λογικὴν</span> <span class='ocrx_word' id='word_1_101' title='bbox 797 1929 899 1998; x_wconf 85' lang='grc' dir='ltr'>οὐσίαν</span> <span class='ocrx_word' id='word_1_102' title='bbox 927 1927 1161 2022; x_wconf 80' lang='grc' dir='ltr'>μεταλαχόντας</span> 
     </span>
     <span class='ocr_line' id='line_1_13' title="bbox 170 2047 1161 2154; baseline -0.002 -26"><span class='ocrx_word' id='word_1_103' title='bbox 170 2070 285 2154; x_wconf 82' lang='grc' dir='ltr'>σεμνῶς</span> <span class='ocrx_word' id='word_1_104' title='bbox 302 2063 423 2140; x_wconf 80' lang='grc' dir='ltr'>ειιόντας</span> <span class='ocrx_word' id='word_1_105' title='bbox 437 2058 598 2152; x_wconf 79' lang='grc' dir='ltr'>ἄρχεσθαι,</span> <span class='ocrx_word' id='word_1_106' title='bbox 611 2061 637 2126; x_wconf 82' lang='grc' dir='ltr'>εἰ</span> <span class='ocrx_word' id='word_1_107' title='bbox 649 2064 793 2152; x_wconf 80' lang='grc' dir='ltr'>μέλλουσι</span> <span class='ocrx_word' id='word_1_108' title='bbox 805 2073 851 2150; x_wconf 85' lang='grc' dir='ltr'>τῷ</span> <span class='ocrx_word' id='word_1_109' title='bbox 867 2055 1051 2147; x_wconf 73' lang='grc' dir='ltr'>αὐτεξουσίῳ</span> <span class='ocrx_word' id='word_1_110' title='bbox 1064 2047 1161 2153; x_wconf 89' lang='grc'>(474)</span> 
     </span>
    </p>
   </div>
   <div class='ocr_carea' id='block_1_3' title="bbox 172 2182 1162 2286">
    <p class='ocr_par' dir='ltr' id='par_1_3' title="bbox 172 2182 1162 2286">
     <span class='ocr_line' id='line_1_14' title="bbox 172 2182 1162 2286; baseline 0.002 -29"><span class='ocrx_word' id='word_1_111' title='bbox 172 2189 337 2281; x_wconf 78' lang='grc' dir='ltr'>κεχρῆσθαι</span> <span class='ocrx_word' id='word_1_112' title='bbox 353 2198 468 2266; x_wconf 70' lang='grc' dir='ltr'>καλῶς’</span> <span class='ocrx_word' id='word_1_113' title='bbox 488 2189 505 2255; x_wconf 87' lang='grc' dir='ltr'>θ</span> <span class='ocrx_word' id='word_1_114' title='bbox 527 2182 568 2262; x_wconf 73' lang='grc' dir='ltr'>δὴ</span> <span class='ocrx_word' id='word_1_115' title='bbox 585 2191 727 2282; x_wconf 85' lang='grc' dir='ltr'>μέγιστον</span> <span class='ocrx_word' id='word_1_116' title='bbox 741 2190 825 2282; x_wconf 82' lang='grc' dir='ltr'>παρὰ</span> <span class='ocrx_word' id='word_1_117' title='bbox 840 2202 894 2258; x_wconf 89' lang='grc' dir='ltr'>τοῦ</span> <span class='ocrx_word' id='word_1_118' title='bbox 909 2184 1094 2286; x_wconf 76' lang='grc' dir='ltr'>δημιουργοῦ</span> <span class='ocrx_word' id='word_1_119' title='bbox 1107 2201 1162 2270; x_wconf 76' lang='grc' dir='ltr'>τῆς</span> 
     </span>
    </p>
   </div>
   <div class='ocr_carea' id='block_1_4' title="bbox 171 2313 1164 2418">
    <p class='ocr_par' dir='ltr' id='par_1_4' title="bbox 171 2313 1164 2418">
     <span class='ocr_line' id='line_1_15' title="bbox 171 2313 1164 2418; baseline 0 -30"><span class='ocrx_word' id='word_1_120' title='bbox 171 2320 337 2400; x_wconf 87' lang='grc' dir='ltr'>ἀθανασίας</span> <span class='ocrx_word' id='word_1_121' title='bbox 364 2323 465 2418; x_wconf 83' lang='grc' dir='ltr'>έχουσι</span> <span class='ocrx_word' id='word_1_122' title='bbox 496 2315 660 2414; x_wconf 77' lang='grc' dir='ltr'>ου’μόολον.</span> <span class='ocrx_word' id='word_1_123' title='bbox 688 2321 726 2386; x_wconf 81' lang='grc' dir='ltr'>Εἰ</span> <span class='ocrx_word' id='word_1_124' title='bbox 746 2313 780 2389; x_wconf 83' lang='grc' dir='ltr'>δὲ</span> <span class='ocrx_word' id='word_1_125' title='bbox 803 2327 961 2414; x_wconf 76' lang='grc' dir='ltr'>ὑπηρετεῖν</span> <span class='ocrx_word' id='word_1_126' title='bbox 989 2333 1033 2410; x_wconf 81' lang='grc' dir='ltr'>τῷ</span> <span class='ocrx_word' id='word_1_127' title='bbox 1051 2326 1164 2416; x_wconf 82' lang='grc' dir='ltr'>πρώτῳ</span> 
     </span>
    </p>
   </div>
   <div class='ocr_carea' id='block_1_5' title="bbox 170 2446 1167 3871">
    <p class='ocr_par' dir='ltr' id='par_1_5' title="bbox 170 2446 1167 3871">
     <span class='ocr_line' id='line_1_16' title="bbox 172 2446 1167 2548; baseline 0.003 -30"><span class='ocrx_word' id='word_1_128' title='bbox 172 2455 371 2547; x_wconf 77' lang='grc' dir='ltr'>βαρύνονται,</span> <span class='ocrx_word' id='word_1_129' title='bbox 386 2453 496 2521; x_wconf 80' lang='grc' dir='ltr'>καθότι</span> <span class='ocrx_word' id='word_1_130' title='bbox 508 2455 550 2546; x_wconf 79' lang='grc' dir='ltr'>μθ</span> <span class='ocrx_word' id='word_1_131' title='bbox 563 2463 687 2544; x_wconf 82' lang='grc' dir='ltr'>πρῶτος</span> <span class='ocrx_word' id='word_1_132' title='bbox 700 2455 791 2534; x_wconf 83' lang='grc' dir='ltr'>αὐτὸς</span> <span class='ocrx_word' id='word_1_133' title='bbox 806 2457 934 2532; x_wconf 80' lang='grc' dir='ltr'>ἕκαστος</span> <span class='ocrx_word' id='word_1_134' title='bbox 946 2455 1050 2548; x_wconf 83' lang='grc' dir='ltr'>γέγονε</span> <span class='ocrx_word' id='word_1_135' title='bbox 1063 2446 1167 2546; x_wconf 88' lang='grc' dir='ltr'>δυσχε·</span> 
     </span>
     <span class='ocr_line' id='line_1_17' title="bbox 171 2577 1165 2682; baseline 0.002 -30"><span class='ocrx_word' id='word_1_136' title='bbox 171 2585 262 2679; x_wconf 83' lang='grc' dir='ltr'>ραίνει</span> <span class='ocrx_word' id='word_1_137' title='bbox 276 2586 328 2652; x_wconf 79' lang='grc' dir='ltr'>καὶ</span> <span class='ocrx_word' id='word_1_138' title='bbox 342 2577 518 2680; x_wconf 84' lang='grc' dir='ltr'>τυραννίδος</span> <span class='ocrx_word' id='word_1_139' title='bbox 534 2587 674 2680; x_wconf 79' lang='grc' dir='ltr'>ὀρέγεται</span> <span class='ocrx_word' id='word_1_140' title='bbox 687 2586 739 2654; x_wconf 80' lang='grc' dir='ltr'>καὶ</span> <span class='ocrx_word' id='word_1_141' title='bbox 754 2595 937 2680; x_wconf 87' lang='grc' dir='ltr'>παρανομεῖν</span> <span class='ocrx_word' id='word_1_142' title='bbox 953 2583 1095 2682; x_wconf 86' lang='grc' dir='ltr'>ἀρχεται,</span> <span class='ocrx_word' id='word_1_143' title='bbox 1109 2597 1165 2666; x_wconf 82' lang='grc' dir='ltr'>τῆς</span> 
     </span>
     <span class='ocr_line' id='line_1_18' title="bbox 170 2707 1163 2813; baseline 0.002 -29"><span class='ocrx_word' id='word_1_144' title='bbox 170 2713 286 2798; x_wconf 76' lang='grc' dir='ltr'>τάξεως</span> <span class='ocrx_word' id='word_1_145' title='bbox 307 2719 552 2794; x_wconf 76' lang='grc' dir='ltr'>ἀποσπασθέντες</span> <span class='ocrx_word' id='word_1_146' title='bbox 578 2717 632 2797; x_wconf 86' lang='grc' dir='ltr'>είς-</span> <span class='ocrx_word' id='word_1_147' title='bbox 646 2712 774 2796; x_wconf 75' lang='grc' dir='ltr'>ἀταξίαν</span> <span class='ocrx_word' id='word_1_148' title='bbox 796 2729 959 2788; x_wconf 82' lang='grc' dir='ltr'>πεσοῦνται</span> <span class='ocrx_word' id='word_1_149' title='bbox 980 2707 1093 2813; x_wconf 76' lang='grc'>(475),</span> <span class='ocrx_word' id='word_1_150' title='bbox 1111 2717 1163 2786; x_wconf 77' lang='grc' dir='ltr'>καί</span> 
     </span>
     <span class='ocr_line' id='line_1_19' title="bbox 173 2849 1164 2944; baseline 0.005 -28"><span class='ocrx_word' id='word_1_151' title='bbox 173 2859 231 2927; x_wconf 83' lang='grc' dir='ltr'>τῆς</span> <span class='ocrx_word' id='word_1_152' title='bbox 249 2860 305 2918; x_wconf 88' lang='grc' dir='ltr'>τοῦ</span> <span class='ocrx_word' id='word_1_153' title='bbox 328 2849 475 2936; x_wconf 84' lang='grc' dir='ltr'>βασιλέως</span> <span class='ocrx_word' id='word_1_154' title='bbox 496 2849 655 2943; x_wconf 81' lang='grc' dir='ltr'>ἀστραπῆς</span> <span class='ocrx_word' id='word_1_155' title='bbox 680 2849 892 2933; x_wconf 78' lang='grc' dir='ltr'>ἀποστάντες,</span> <span class='ocrx_word' id='word_1_156' title='bbox 913 2851 1015 2926; x_wconf 88' lang='grc' dir='ltr'>θνητοὶ</span> <span class='ocrx_word' id='word_1_157' title='bbox 1037 2853 1091 2944; x_wconf 82' lang='grc' dir='ltr'>μὲν</span> <span class='ocrx_word' id='word_1_158' title='bbox 1109 2855 1164 2921; x_wconf 81' lang='grc' dir='ltr'>οὐκ</span> 
     </span>
     <span class='ocr_line' id='line_1_20' title="bbox 173 2971 1162 3079; baseline 0.003 -31"><span class='ocrx_word' id='word_1_159' title='bbox 173 2983 296 3049; x_wconf 76' lang='grc' dir='ltr'>ἔσονται</span> <span class='ocrx_word' id='word_1_160' title='bbox 312 2971 425 3076; x_wconf 90' lang='grc'>(476),</span> <span class='ocrx_word' id='word_1_161' title='bbox 440 2982 586 3050; x_wconf 87' lang='grc' dir='ltr'>ἀθάνατοι</span> <span class='ocrx_word' id='word_1_162' title='bbox 599 2987 669 3074; x_wconf 88' lang='grc' dir='ltr'>παρ’</span> <span class='ocrx_word' id='word_1_163' title='bbox 686 2987 778 3050; x_wconf 83' lang='grc' dir='ltr'>αὐτοῦ</span> <span class='ocrx_word' id='word_1_164' title='bbox 797 2986 837 3051; x_wconf 83' lang='grc' dir='ltr'>τὸ</span> <span class='ocrx_word' id='word_1_165' title='bbox 854 2994 976 3077; x_wconf 84' lang='grc' dir='ltr'>πρῶτον</span> <span class='ocrx_word' id='word_1_166' title='bbox 990 2985 1162 3079; x_wconf 82' lang='grc' dir='ltr'>γενόμενοι,</span> 
     </span>
     <span class='ocr_line' id='line_1_21' title="bbox 174 3105 1162 3211; baseline 0.004 -33"><span class='ocrx_word' id='word_1_167' title='bbox 174 3114 243 3179; x_wconf 86' lang='grc' dir='ltr'>ἀλλ’</span> <span class='ocrx_word' id='word_1_168' title='bbox 268 3112 329 3181; x_wconf 84' lang='grc' dir='ltr'>οἷον</span> <span class='ocrx_word' id='word_1_169' title='bbox 353 3117 383 3180; x_wconf 80' lang='grc' dir='ltr'>ἐν</span> <span class='ocrx_word' id='word_1_170' title='bbox 408 3114 509 3183; x_wconf 82' lang='grc' dir='ltr'>σκότει</span> <span class='ocrx_word' id='word_1_171' title='bbox 528 3105 625 3211; x_wconf 80' lang='grc'>(477)</span> <span class='ocrx_word' id='word_1_172' title='bbox 642 3125 702 3182; x_wconf 90' lang='grc' dir='ltr'>τῶν</span> <span class='ocrx_word' id='word_1_173' title='bbox 721 3116 835 3190; x_wconf 84' lang='grc' dir='ltr'>θνητῶν</span> <span class='ocrx_word' id='word_1_174' title='bbox 857 3115 1070 3202; x_wconf 73' lang='grc' dir='ltr'>αἰσθησονται,</span> <span class='ocrx_word' id='word_1_175' title='bbox 1089 3115 1162 3202; x_wconf 85' lang='grc' dir='ltr'>καί,</span> 
     </span>
     <span class='ocr_line' id='line_1_22' title="bbox 172 3235 1163 3340; baseline 0.003 -28"><span class='ocrx_word' id='word_1_176' title='bbox 172 3249 275 3338; x_wconf 83' lang='grc' dir='ltr'>ὥσπερ</span> <span class='ocrx_word' id='word_1_177' title='bbox 292 3243 332 3323; x_wconf 78' lang='grc' dir='ltr'>εἰς</span> <span class='ocrx_word' id='word_1_178' title='bbox 353 3247 491 3339; x_wconf 86' lang='grc' dir='ltr'>ποταμὸν</span> <span class='ocrx_word' id='word_1_179' title='bbox 512 3249 694 3340; x_wconf 82' lang='grc' dir='ltr'>ἐμπεσόντες</span> <span class='ocrx_word' id='word_1_180' title='bbox 708 3235 824 3340; x_wconf 86' lang='grc'>(478),</span> <span class='ocrx_word' id='word_1_181' title='bbox 841 3258 880 3340; x_wconf 77' lang='grc' dir='ltr'>τῇ</span> <span class='ocrx_word' id='word_1_182' title='bbox 899 3247 951 3314; x_wconf 85' lang='grc' dir='ltr'>καὶ</span> <span class='ocrx_word' id='word_1_183' title='bbox 968 3250 1163 3340; x_wconf 78' lang='grc' dir='ltr'>τῇρέρονται</span> 
     </span>
     <span class='ocr_line' id='line_1_23' title="bbox 172 3371 1162 3475; baseline 0.004 -33"><span class='ocrx_word' id='word_1_184' title='bbox 172 3380 372 3470; x_wconf 81' lang='grc' dir='ltr'>κρατούμενοι</span> <span class='ocrx_word' id='word_1_185' title='bbox 395 3384 511 3470; x_wconf 79' lang='grc' dir='ltr'>μᾶλλον</span> <span class='ocrx_word' id='word_1_186' title='bbox 528 3378 546 3455; x_wconf 79' lang='grc' dir='ltr'><strong>ἢ</strong></span> <span class='ocrx_word' id='word_1_187' title='bbox 563 3391 756 3475; x_wconf 73' lang='grc' dir='ltr'>κρατοῦντες.</span> <span class='ocrx_word' id='word_1_188' title='bbox 776 3382 884 3446; x_wconf 90' lang='grc' dir='ltr'>Ταῦτα</span> <span class='ocrx_word' id='word_1_189' title='bbox 902 3380 1080 3474; x_wconf 80' lang='grc' dir='ltr'>προγνοθςό</span> <span class='ocrx_word' id='word_1_190' title='bbox 1103 3371 1162 3453; x_wconf 90' lang='grc' dir='ltr'>δη·</span> 
     </span>
     <span class='ocr_line' id='line_1_24' title="bbox 172 3501 1160 3608; baseline 0.008 -36"><span class='ocrx_word' id='word_1_191' title='bbox 172 3506 314 3603; x_wconf 79' lang='grc' dir='ltr'>μιουργός</span> <span class='ocrx_word' id='word_1_192' title='bbox 329 3505 503 3605; x_wconf 75' lang='grc' dir='ltr'>προεξεῦρεν</span> <span class='ocrx_word' id='word_1_193' title='bbox 524 3501 619 3604; x_wconf 86' lang='grc'>(479)</span> <span class='ocrx_word' id='word_1_194' title='bbox 639 3515 720 3591; x_wconf 84' lang='grc' dir='ltr'>ὅπως</span> <span class='ocrx_word' id='word_1_195' title='bbox 739 3511 839 3604; x_wconf 80' lang='grc' dir='ltr'>παόοη</span> <span class='ocrx_word' id='word_1_196' title='bbox 858 3522 951 3580; x_wconf 90' lang='grc' dir='ltr'>τοῦτο</span> <span class='ocrx_word' id='word_1_197' title='bbox 964 3513 1160 3608; x_wconf 81' lang='grc' dir='ltr'>γιγνόμενον·</span> 
     </span>
     <span class='ocr_line' id='line_1_25' title="bbox 172 3635 1161 3737; baseline 0.004 -32"><span class='ocrx_word' id='word_1_198' title='bbox 172 3636 223 3706; x_wconf 86' lang='grc' dir='ltr'>καὶ</span> <span class='ocrx_word' id='word_1_199' title='bbox 237 3642 307 3708; x_wconf 86' lang='grc' dir='ltr'>οῦτε</span> <span class='ocrx_word' id='word_1_200' title='bbox 330 3642 368 3708; x_wconf 84' lang='grc' dir='ltr'>τὸ</span> <span class='ocrx_word' id='word_1_201' title='bbox 391 3636 583 3720; x_wconf 76' lang='grc' dir='ltr'>αὐτεξούσιον</span> <span class='ocrx_word' id='word_1_202' title='bbox 599 3651 659 3711; x_wconf 88' lang='grc' dir='ltr'>τῶν</span> <span class='ocrx_word' id='word_1_203' title='bbox 679 3645 849 3737; x_wconf 80' lang='grc' dir='ltr'>ἀρχομένων</span> <span class='ocrx_word' id='word_1_204' title='bbox 872 3635 926 3710; x_wconf 78' lang='grc' dir='ltr'>διὰ</span> <span class='ocrx_word' id='word_1_205' title='bbox 941 3648 1011 3723; x_wconf 87' lang='grc' dir='ltr'>τοὺς</span> <span class='ocrx_word' id='word_1_206' title='bbox 1030 3646 1161 3737; x_wconf 86' lang='grc' dir='ltr'>ἀριστα·</span> 
     </span>
     <span class='ocr_line' id='line_1_26' title="bbox 172 3759 1167 3871; baseline -0.003 -31"><span class='ocrx_word' id='word_1_207' title='bbox 172 3759 277 3862; x_wconf 83' lang='grc' dir='ltr'>μένους</span> <span class='ocrx_word' id='word_1_208' title='bbox 302 3769 414 3859; x_wconf 77' lang='grc' dir='ltr'>ἐξεῖλε,</span> <span class='ocrx_word' id='word_1_209' title='bbox 436 3775 487 3844; x_wconf 85' lang='grc' dir='ltr'>καὶ</span> <span class='ocrx_word' id='word_1_210' title='bbox 516 3779 571 3852; x_wconf 74' lang='grc' dir='ltr'>τὴν</span> <span class='ocrx_word' id='word_1_211' title='bbox 596 3784 658 3844; x_wconf 86' lang='grc' dir='ltr'>τῶν</span> <span class='ocrx_word' id='word_1_212' title='bbox 682 3779 893 3871; x_wconf 81' lang='grc' dir='ltr'>ἀφισταμένων</span> <span class='ocrx_word' id='word_1_213' title='bbox 919 3775 1069 3845; x_wconf 83' lang='grc' dir='ltr'>ἀσθένειαν</span> <span class='ocrx_word' id='word_1_214' title='bbox 1096 3781 1167 3852; x_wconf 80' lang='grc' dir='ltr'>τοῖς</span> 
     </span>
    </p>
   </div>
   <div class='ocr_carea' id='block_1_6' title="bbox 174 3897 1158 4003">
    <p class='ocr_par' dir='ltr' id='par_1_6' title="bbox 174 3897 1158 4003">
     <span class='ocr_line' id='line_1_27' title="bbox 174 3897 1158 4003; baseline 0.002 -36"><span class='ocrx_word' id='word_1_215' title='bbox 174 3905 285 3983; x_wconf 81' lang='grc' dir='ltr'>ἐνόλοις</span> <span class='ocrx_word' id='word_1_216' title='bbox 308 3901 474 4001; x_wconf 72' lang='grc' dir='ltr'>ἐξελέγχει,</span> <span class='ocrx_word' id='word_1_217' title='bbox 496 3912 546 3976; x_wconf 87' lang='grc' dir='ltr'>ότι</span> <span class='ocrx_word' id='word_1_218' title='bbox 564 3914 771 4003; x_wconf 79' lang='grc' dir='ltr'>μεμονωμένοι</span> <span class='ocrx_word' id='word_1_219' title='bbox 787 3902 985 4000; x_wconf 83' lang='grc' dir='ltr'>διαφθείρειν,</span> <span class='ocrx_word' id='word_1_220' title='bbox 1003 3909 1036 3973; x_wconf 85' lang='grc' dir='ltr'>οὐ</span> <span class='ocrx_word' id='word_1_221' title='bbox 1057 3897 1158 3984; x_wconf 78' lang='grc' dir='ltr'>σώζειν</span> 
     </span>
    </p>
   </div>
   <div class='ocr_carea' id='block_1_7' title="bbox 0 0 1417 4814">
    <p class='ocr_par' dir='ltr' id='par_1_7' title="bbox 0 0 1417 4814">
     <span class='ocr_line' id='line_1_28' title="bbox 0 0 1417 4814; baseline 0 0"><span class='ocrx_word' id='word_1_222' title='bbox 0 0 1417 4814; x_wconf 95' lang='lat' dir='ltr'> </span> 
     </span>
    </p>
   </div>
  </div>
 </body>
</html>
