2818 4814
519 500 567 563 ΑΟ·
587 495 800 562 ΓΑΖΑΙΟΣ.
1114 493 1155 580 37

174 631 290 746 θρωπος
306 651 472 748 ἀπεπνίγη,
487 653 537 721 καὶ
556 645 643 721 οὐδὲν
661 657 808 730 πεπωκὼς
829 647 921 734 (335)
937 653 1060 721 ἀπεῖπε·
1080 655 1156 724 πλα-

169 786 271 873 σμονύ
287 810 321 850 τε
338 785 390 852 καὶ
406 784 495 876 λιμὸς
510 785 624 852 ταυτὸν
636 775 787 875 Ιἔδρασαν·
799 785 851 853 καὶ
871 786 930 876 μὴν
944 783 996 850 καὶ
1013 785 1155 873 πολέμιος

152 912 317 984 ἐίσύαλὼν
339 917 390 985 τὸν
412 918 626 1008 προσπεσόντα
644 908 830 1007 κατέσφαξε,
848 917 899 984 καὶ
916 917 1080 984 κατέκλυσε
1102 912 1155 981 θιί·

169 1052 292 1133 λαττα,
319 1049 371 1116 καὶ
393 1035 700 1140 σεισμὸςκατίχωσε,
719 1047 771 1114 καὶ
792 1047 926 1126 σκηπτὸς
940 1052 1076 1138 ἠφάνισε.
1092 1043 1156 1112 Καὶ

157 1183 204 1246 ,ού
230 1171 407 1271 παράδοξον
434 1178 460 1245 εἰ
481 1181 632 1247 τοσούτων
655 1185 685 1246 ἐν
713 1180 795 1270 με’σῳ
816 1179 1049 1270 συμπτωμάτων
1076 1173 1156 1261 ἁλῷ·

162 1333 276 1394 σεται,
302 1311 368 1377 ἀλλ’
387 1309 532 1378 εἰπόντα
550 1302 755 1403 διαφεύξεται·
779 1307 913 1376 ἐναντίον
932 1309 985 1400 μὲν
1004 1306 1061 1402 γὰρ
1083 1303 1157 1375 αλλο

169 1439 254 1528 α’ίλλῳ
272 1437 380 1527 (336),
404 1454 449 1531 τῷ
467 1435 501 1510 δὲ
520 1443 614 1510 παντὶ
638 1434 740 1511 οὐδέν·
759 1441 905 1535 ἁρμονίας
924 1433 1026 1508 δὲκαὶ
1043 1449 1157 1523 τοῦτο,

165 1572 220 1639 καὶ
246 1567 281 1650 ἐξ
303 1572 442 1640 ἐναντίων
465 1581 526 1642 τῶν
551 1572 687 1668 φθόγγων
710 1573 781 1664 μίαν
809 1575 863 1648 τὴν
885 1563 1037 1666 μελῳδίαν
1064 1570 1157 1665 ἐργώ-

168 1697 267 1782 ζεσθαι
283 1699 387 1798 (337).
401 1706 440 1774 Εἰ
454 1705 507 1797 μὲν
523 1703 573 1774 οὖν
592 1695 697 1786 ἄδικος
714 1711 798 1774 ύτού
813 1698 1028 1800 διεφθαρμένου
1040 1705 1155 1796 πατὴρ,

164 1837 216 1902 ἶνα
246 1841 361 1928 μᾶλλον
391 1838 526 1932 οἱλγύσας
557 1837 599 1911 ε’ίη
628 1843 848 1933 μετριιύτερος,
872 1841 906 1904 οὐ
935 1829 1099 1909 διεκωλύθη
1120 1835 1157 1902 τὸ

167 1971 360 2062 σύμπτωμα·
381 1962 448 2036 εἶδ’
469 1968 506 2036 αὖ
528 1961 643 2048 δίκαιος
662 1957 772 2060 (338),
789 1969 828 2047 είς
842 1970 1058 2062 λαμπροτέραν
1068 1957 1157 2048 ,δοκι-

169 2098 281 2190 μασίαν
304 2093 419 2171 ἀπέύη·
440 2092 500 2172 ἤδη
526 2098 582 2190 γὰρ
601 2107 617 2166 ό
638 2104 832 2193 γεγηρακὼς,
850 2111 895 2187 τῷ
909 2099 999 2166 πείθει
1015 2105 1156 2175 νεανικῶς
1205 2197 1210 2208 q

170 2222 461 2332 ἀνταγωνιζόμενος,
476 2215 545 2292 ἀντὶ
561 2237 616 2293 τοῦ
632 2219 742 2304 παιδὸς
754 2226 868 2296 καλλίω
880 2233 979 2318 φῆμην
993 2231 1156 2309 ἐκτήσατο,

166 2357 220 2424 καὶ
237 2351 273 2450 ζῆ
294 2355 373 2448 μετὰ
390 2364 485 2434 καλῆς
501 2349 643 2440 ἐλπίδος,
660 2356 913 2451 ἧέποχούμενος,
935 2361 1005 2450 ῥᾷον
1023 2359 1101 2449 φέρει
1120 2358 1157 2425 τὸ

166 2500 261 2585 γῆρας
282 2491 318 2556 τὸ
330 2489 432 2582 ’πάθος
451 2499 506 2568 τῆς
525 2490 584 2580 πρὸ
604 2500 659 2570 τῆς
682 2495 761 2584 ώρας
787 2499 842 2557 τοῦ
859 2481 968 2568 παιδὸς
994 2496 1155 2568 τελευτῆς·

166 2613 252 2688 οὐδὲν
282 2619 339 2714 γὰρ
360 2620 482 2712 σεμνὸν,
507 2611 592 2699 οὐδὲν
615 2622 748 2689 νεανικὸν
768 2623 889 2713 ἐμελλεν
913 2627 929 2688 ό
953 2631 1023 2700 παῖς
1048 2625 1156 2698 ἐκεῖνος

166 2745 405 2821 ἐπιδείκνυσθαι·
429 2749 520 2845 ύγὰρ
545 2741 637 2845 (339)
662 2750 696 2820 θιν
710 2759 743 2822 ἐκ
761 2745 934 2848 παραδόξου
953 2755 1005 2824 καὶ
1021 2755 1155 2850 γείτονος

167 2889 255 2977 εὐχῆς
281 2877 425 2958 διεσώθη·
450 2882 500 2966 οἷα
520 2877 561 2959 δὴ
581 2883 684 2952 πολλὰ
710 2889 813 2980 γέγονε
835 2886 993 2966 πολλάκις.
1022 2891 1155 2982 Λέγεται
1184 2892 1186 2900 ’

168 3013 218 3100 οὖν
249 3015 363 3096 Πελίας
387 3042 421 3083 τε
454 3015 505 3083 καὶ
531 3019 668 3109 Τύλιφος
690 3017 741 3084 καὶ
770 3022 868 3110 Κῦρος
899 3015 989 3106 (340)
1017 3019 1088 3112 ἄρτι
1109 3047 1157 3087 τε·

168 3147 290 3237 χθέντος
319 3147 452 3239 ἐρρίφθαι
483 3155 543 3215 τῶν
572 3147 677 3236 θηρίων
705 3154 734 3216 ἐν
762 3152 863 3242 μέσῳ,
894 3152 961 3218 ἀλλ’
990 3155 1071 3242 ὅμως
1095 3152 1154 3218 ὑπὸ

167 3271 285 3347 τούτων
308 3259 513 3371 τρέφεσθαιίᾶ
540 3284 654 3373 τρέφειν
680 3275 871 3358 ἐξετέθησαν·
902 3283 1031 3374 ἤμελλον
1060 3273 1154 3378 (34ι)

169 3407 226 3504 γὰρ
251 3413 370 3505 μεγάλα
399 3413 472 3507 ἔργα
499 3413 552 3480 καὶ
572 3414 736 3505 θαυμαστὰ
755 3411 948 3510 ἐργάζεσθαι·
979 3420 1079 3510 ὥσπερ
1104 3419 1156 3486 καὶ

168 3523 313 3632 Ἡρακλῆς
345 3533 473 3631 ᾅδεται,
508 3535 718 3636 διαρραγείσης
747 3549 830 3633 αὐτῷ
857 3557 911 3625 τῆς
939 3552 1010 3626 νεὼς
1041 3551 1087 3641 ἐφ’
1120 3548 1155 3626 ἧς

168 3673 266 3758 ἔπλει,
289 3673 347 3740 ὑπὸ
366 3678 477 3752 κύτους
506 3676 716 3748 καταποθῆναι
735 3675 785 3743 καὶ
803 3679 887 3757 ἐντὸς
906 3682 1062 3774 γενόμενος
1084 3672 1153 3745 δια-

169 3799 313 3882 σώζεσθαι
345 3801 444 3889 (3ῆο).
473 3793 601 3899 Επιῤῥεῖ
618 3799 651 3874 δὲ
677 3810 789 3888 πλῆθος
814 3816 917 3904 ἡρώων
946 3813 984 3890 εἰς
1012 3811 1152 3901 μέγιετον

153 3928 302 4010 ,κίνδυνον
330 3940 575 4028 ἐμπεπτωκότων
594 3929 706 4030 (343),
729 3942 781 4008 καὶ
802 3942 884 4008 κατὰ
909 3943 1001 4025 θεῖον,
1030 3944 1063 4008 ού
1082 3947 1152 4010 κατ’

171 4060 298 4151 ἐλπίδα,
310 4059 538 4164 διαφυγόντων.
559 4072 599 4138 Οἱ
619 4063 653 4137 δὲ
678 4071 786 4141 πολλοὶ
806 4083 851 4159 τῷ
870 4069 1076 4164 συμύεύκκύτι
1094 4103 1153 4144 πα·
