2864 4810
662 457 872 526 ΑΙΝΕῙΑΣ

687 625 850 702 maleno&

327 747 402 838 Φίρε
428 743 499 840 γὰρ,
529 743 553 812 ὦ
578 746 772 841 Θιύφραστι·
794 747 817 814 εί
841 745 944 840 ψαρῶν
961 748 1072 842 ἀγίλην
1094 747 1113 822 ἢ
1133 747 1264 842 γεράνων

274 869 448 972 κλαγγηδὸν
470 881 641 972 πετομένων
666 873 822 966 κατίδοις,
847 879 918 959 ἴσως
943 877 978 947 ἂν
1005 881 1094 974 φαίης
1107 881 1189 958 ’τοὺς
1217 879 1265 947 ἐπὶ

275 1015 422 1102 στρατιαῖς
447 1008 466 1086 ἢ
487 1022 595 1106 σκηνῆς
619 1005 887 1107 διαταράττοντας
907 999 1022 1106 (151),
1047 1013 1098 1080 καὶ
1122 1007 1265 1106 θύριστὰς

274 1142 326 1226 καὶ
351 1139 551 1238 θορυύοῦντας
577 1146 629 1212 καὶ
653 1123 905 1241 ἀσελγαίνοντας,
931 1148 1270 1230 τελειιτύσανταςὶτού-Ι

274 1301 339 1355 τοις
355 1285 419 1361 τοῖς
438 1280 548 1370 ὀρνέοις
570 1270 768 1349 συνδεδέσθαι
787 1280 840 1348 καὶ
861 1279 1096 1374 συνταράττειν,
1115 1277 1168 1346 καὶ
1189 1281 1265 1364 βοᾷν

273 1404 378 1506 οἷάπερ
399 1415 509 1490 ἐκεῖνα,
533 1413 584 1478 καὶ
600 1423 762 1501 πανταχοῦ
782 1414 974 1480 συνέπεσθαι·
993 1412 1018 1477 εἰ
1037 1404 1071 1476 δὲ
1090 1411 1209 1478 ἁλόντα
1224 1409 1267 1479 τά

274 1540 361 1632 ὄρνεα
384 1541 502 1625 θύοιτο,
522 1551 582 1634 τῷν
607 1532 774 1632 δεσμωτῶν
795 1541 930 1635 γίγνοιτο
950 1544 1028 1635 φυγὴ
1050 1529 1145 1632 (εύο)
1163 1547 1181 1616 ἡ
1202 1550 1265 1608 τῶν

276 1668 397 1762 ὀρνίθων
423 1675 538 1766 σφαγη·
564 1649 698 1766 λύονται
716 1672 773 1767 γὰρ
800 1665 1016 1766 ἀφανιζομένης
1042 1682 1096 1750 τῆς
1125 1667 1221 1763 ψυχῆς
1245 1671 1267 1765 ἦ

276 1793 489 1900 συνεδέθησαν·
520 1807 555 1870 οὐ
584 1799 642 1899 γὰρ
668 1805 818 1873 ἀθάνατον
848 1808 903 1880 τὴν
932 1800 1043 1896 ἀλογυν
1066 1801 1166 1896 ψυχὴν
1192 1799 1265 1873 εἶναι

277 1935 405 2023 φήσουσι
424 1928 530 2020 (153).
552 1933 592 2000 Τί
616 1926 667 2018 δέ;
686 1915 807 2030 είγταῖς
830 1937 937 2032 ἀφύαις
965 1928 1129 2004 συνδεθεῖεν
1155 1937 1185 2002 αἱ
1205 1946 1265 2003 τῶν

191 2136 197 2143 ,
277 2066 449 2162 ἀνθρώπων
463 2065 572 2158 ψυχαὶ,
591 2066 623 2136 εὖ
644 2068 774 2162 πράττοι
797 2059 833 2157 δὲ
858 2079 921 2154 τῶνΥ
940 2070 1149 2156 ἀσπαλιευτῶν
1170 2073 1188 2141 ἡ
1213 2095 1267 2152 σαι

275 2201 368 2298 γάνη,
388 2197 464 2276 ἀλλο
478 2227 508 2268 τι
527 2200 546 2277 ἢ
564 2202 702 2268 λυθεῖσαι
720 2212 774 2294 τῆς
791 2177 940 2295 τιμωρίας
953 2201 1231 2294 καταγελάσουσιν;
1250 2206 1266 2268 ό

274 2329 332 2427 γὰρ
364 2343 423 2402 τῶν
449 2333 559 2429 ἰχθύωνΙ
577 2326 688 2429 δεσμὸς
713 2345 772 2427 τῶν
794 2333 897 2426 ψυχῶν
915 2338 1000 2424 λύσις
1027 2334 1110 2418 ἐστὶ,
1131 2334 1181 2400 καὶ
1203 2343 1265 2398 τῶν

275 2465 378 2557 ἀφυῶν
396 2470 413 2537 η
433 2466 509 2555 θύρα
522 2472 590 2541 ταῖς
604 2436 802 2554 ἀνθρωπίναις
822 2461 931 2552 ψυχαῖς
950 2461 1099 2552 ελευθερία
1113 2431 1263 2558 γίγνεται.

276 2573 346 2668 Ιθδη
367 2587 402 2660 δὲ
420 2596 645 2689 μελιττουργοὶ,
664 2605 719 2672 τῆς
744 2594 886 2688 μελίσσης
909 2595 1133 2678 ἀπολιπούσης,
1164 2619 1264 2684 μηχα-

273 2735 386 2792 νῶνται
415 2718 533 2792 τοιόνδε
561 2714 666 2817 (155).
697 2725 749 2803 Εἰς
777 2724 907 2792 οἰκίσκον
938 2703 1009 2810 βοῦν
1037 2723 1262 2811 εἰσελάσαντες,

273 2855 397 2926 παίουσι
426 2850 539 2937 ξύλοις,
569 2860 624 2935 ἕως
653 2853 687 2924 ἀν
706 2857 843 2925 ἀπείποι·
863 2857 951 2924 καὶὸ
977 2859 1030 2950 μὲν
1055 2862 1136 2925 οὕτω
1163 2861 1261 2925 πεσὼν

273 2987 464 3081 προτίθεται·
485 2989 513 3056 οἱ
531 2981 636 3071 δὲτὰς
649 2990 737 3084 θύρας
753 2973 884 3083 ἀκριόῶς
902 2988 1148 3083 συγκλείσαντες,
1167 2995 1206 3067 ὡς
1225 2985 1261 3055 ἀν

272 3111 447 3214 μηδαμόθεν
464 3112 592 3189 εἰσδύνοι
609 3122 646 3189 τὸ
662 3133 795 3214 πνεῦμα,
809 3123 884 3188 τότε
900 3119 953 3214 μὲν
971 3119 1261 3213 ἀπηλθονάριθμη-

273 3277 381 3332 σαντες
406 3245 441 3320 δὲ
462 3255 573 3347 ἡμέρας
598 3253 827 3347 τεσσάρακοντα
842 3241 968 3346 ¹(156),
992 3255 1043 3322 καὶ
1068 3257 1188 3344 ὕστερον
1217 3242 1262 3317 δι·

273 3377 460 3470 ανοίξαντες,
483 3387 642 3459 σεσηπότα
661 3387 713 3478 μὲν
734 3387 787 3452 τὸν
809 3389 879 3471 βοῦν
901 3387 1087 3478 εὑρίσκουσι,
1110 3383 1201 3477 μυρία
1226 3373 1260 3450 δὲ

272 3518 336 3584 ἀνθ’
355 3518 416 3597 ἑνὸς
436 3511 499 3597 ζῶα
512 3517 746 3611 περιϊππάμενα·
766 3497 916 3610 μελιττῶν
933 3527 1003 3612 γοῦν
1024 3509 1162 3608 ἐξαίφνης
1181 3517 1259 3588 πλη-

274 3656 360 3746 ρηςύ
379 3646 459 3731 οἶκος
477 3650 586 3743 ἐφάνη,
607 3645 638 3718 αῖ
656 3661 710 3719 τοῦ
737 3651 809 3737 βοὸς
828 3643 1015 3745 ἐξεγένοντο,
1033 3649 1084 3716 καὶ
1101 3654 1259 3741 τραφεῖσαι

274 3763 423 3877 βοτρυδὸν
440 3790 503 3862 τοῖς
522 3791 643 3876 πτεροῖς
659 3785 840 3876 ἐχρήσαντο.
858 3785 984 3862 Ταύτας
1003 3769 1099 3874 (157)
1116 3781 1145 3847 οἱ
1158 3784 1259 3872 μελιτ·

273 3915 395 4011 τσυργοὶ
412 3909 640 4008 παραλαύόντες
657 3911 708 3985 καί
723 3914 978 4006 θεραπεύσαντες,
996 3917 1049 3988 τὴν
1065 3919 1121 3979 τοῦ
1137 3913 1259 4002 μελιτος
