2818 4814
529 445 558 510 Ο
584 443 803 512 ΓΑΖΑΙΟΣ.

558 591 771 664 εκοανιετοκ.

220 719 320 786 Πόθεν
333 745 342 802 ;
361 721 465 784 οὐκοῦν
480 715 545 782 εέπέ
559 739 610 806 μοι
626 705 730 806 (367).

589 871 745 930 κτειθκοῑ,

224 1001 300 1076 Θεὸς
334 999 429 1089 μένων
460 999 532 1087 ὅπερ
562 993 628 1061 ἐστὶ
659 1001 741 1062 ποιεῖ
766 991 806 1060 τέι
831 995 1002 1088 γιγνόμενα.
1031 997 1078 1062 Οέι
1101 990 1159 1087 γὰρ

172 1129 254 1198 ἀλλα
271 1120 369 1219 (368)
384 1137 478 1195 ποιῶν
497 1133 698 1211 ἐλαττοῦται,
714 1117 785 1193 οὐδὲ
803 1121 904 1193 πολλὰ
918 1120 1161 1219 προθαλλόμενος

174 1259 385 1327 ἀναλίσκεται·
401 1260 466 1326 αλλ’
484 1260 529 1326 ἐτι
543 1264 659 1350 μοῒλλον
673 1263 743 1338 ὅλος
761 1263 857 1352 μένει,
877 1261 938 1346 ὅσῳ
955 1261 1070 1350 μᾶλλον
1082 1263 1160 1332 πλῆ-

175 1391 225 1469 θος
244 1383 407 1484 ἐργάζεται.
428 1394 474 1458 Οὐ
499 1387 556 1485 γὰρ
575 1393 609 1458 ἐκ
630 1399 690 1460 τῶν
718 1392 786 1459 καθ’
811 1394 937 1458 ἕκαστον
957 1388 1162 1484 γιγνομένων,

171 1519 251 1588 ἀλλὰ
264 1523 337 1613 παρ’
354 1525 463 1590 ἑαυτοῦ
480 1513 694 1616 θημιουργὸςὸ
716 1514 913 1617 δημιουργός·
929 1518 992 1588 ἐπεὶ
1010 1519 1062 1586 καὶ
1078 1518 1163 1611 παρὰ

172 1653 336 1748 ἀνθρώποις
352 1657 436 1747 οὗχό
452 1655 626 1734 τεκτονικὸς
638 1653 677 1733 εἰς
692 1647 906 1748 ἂθημιουργεῒ
919 1645 1161 1746 θιαμεμίρισται,

172 1777 244 1853 om
262 1811 294 1851 τι
311 1793 367 1864 τῆς
388 1783 485 1878 ψυχῆς
506 1779 578 1853 οὐθέ
597 1795 652 1863 τῆς
671 1789 743 1865 ὅλης
766 1789 937 1877 ἐπιστήμης
952 1788 1121 1879 ἀφῄρηται,
1138 1785 1162 1850 εἰ

170 1927 219 1984 νῦν
250 1916 303 2008 μέν
328 1915 410 2009 ἱερὰ,
436 1928 486 1984 νῦν
514 1909 549 1985 θέ
575 1916 684 2003 οἰκίας,
707 1929 756 1986 νῦν
780 1909 815 1985 θέ
836 1919 942 2009 νειέρια
962 1915 1162 1984 τεκταίνεται·

172 2043 253 2116 αλλὰ
274 2057 397 2139 πρῶτος
424 2045 478 2138 μὶν
502 2041 734 2142 ἐθημιοοργός·
759 2051 839 2142 ριένει
864 2039 899 2114 θέ
923 2043 965 2116 τὰ
982 2048 1054 2139 παρ’
1073 2050 1165 2114 αὑτοῦ
1206 2122 1213 2145 γ

173 2177 338 2270 γιγνόμενοι
363 2185 420 2251 τῆς
438 2182 508 2268 παρ’
532 2181 624 2242 αὐτοῦ
646 2177 786 2267 προνοίας
811 2168 904 2268 (369)
923 2170 1062 2268 δεόμενα.
1081 2167 1164 2242 Ᾰνα-

169 2309 291 2402 θέμενος
316 2303 423 2374 οὖντὸ
447 2297 537 2374 πόθεν
564 2295 645 2400 (περὶ
664 2309 715 2400 ἐμέ
735 2304 792 2402 γὰρ
815 2307 867 2375 καὶ
889 2308 922 2373 σέ
945 2293 1073 2395 τοῦτο),
1098 2311 1165 2382 ταῖς

170 2435 205 2509 δέ
230 2433 348 2535 γυναιξὶ
370 2438 543 2532 πειθόμενος
563 2442 611 2507 ὅτι
637 2449 681 2526 τῷ
705 2415 881 2535 δημιουργῷ
900 2446 962 2506 τῶν
980 2441 1058 2504 θλων
1077 2428 1165 2503 οὐέἐν

173 2583 233 2640 τῶν
247 2574 325 2640 ὅλων
345 2563 513 2654 ἀδύνατον,
540 2574 581 2664 μη
602 2565 620 2650 ζ
639 2599 685 2640 τει
703 2563 797 2666 (370)
818 2573 890 2652 τοὺς
908 2569 955 2638 ἀεὶ
969 2565 1167 2638 καταθαίνον-

171 2731 227 2785 τας
248 2702 421 2796 ἀγωνιστὰς
439 2705 503 2772 ὅθεν
524 2708 764 2798 ἐπεισέρχονται·
784 2711 875 2786 αὐτὸς
889 2703 945 2801 γὰρ
965 2705 1054 2774 ἐπὸν,
1063 2705 1167 2796 ἀγῶνα

171 2836 262 2914 τιθεὶς
286 2836 490 2922 εἰσκαλεῖται,
514 2838 566 2904 καὶ
583 2839 621 2904 τὸ
639 2842 780 2932 κηρυγμα
798 2839 883 2930 φύσις
903 2836 1040 2931 γίγνεται
1058 2823 1164 2926 (37ι).

173 2972 266 3036 Οὕτω
287 2966 444 3053 βουληθεὶς
465 2957 560 3060 (372)
580 2967 635 3047 τὰς
650 2967 751 3060 νοερέις
770 2960 912 3060 ἐυνοίμεις
929 2969 1098 3051 ὑπέστησε,
1115 2965 1166 3034 καὶ

173 3091 301 3190 οὐδεμία
322 3099 410 3166 πόθεν
441 3101 555 3192 ἐρωτᾷν
569 3183 570 3187 ¹
584 3101 696 3195 ἐπήρθη
725 3081 836 3193 (373)·
856 3104 935 3166 οὕτω
962 3099 1012 3166 τὸν
1040 3098 1164 3190 οὐρανὸν

173 3231 224 3300 καὶ
244 3234 300 3306 τήν
323 3239 377 3321 γῆν
400 3230 507 3316 ἐποίει,
524 3234 575 3299 καὶ
591 3235 644 3299 τὸν
664 3235 717 3325 μὲν
733 3240 798 3311 τοῖς
818 3229 956 3326 ἄστροις,
974 3235 1030 3306 τὴν
1051 3221 1085 3296 δέ
1101 3236 1165 3309 τοῖς

173 3367 274 3456 ρντοῖς
288 3355 441 3455 διεκόσμει
462 3351 570 3456 (374).
590 3352 677 3459 ’ὁρᾷς
691 3358 727 3432 δέ
742 3391 799 3433 που
816 3361 923 3432 καὶτὰ
939 3363 1021 3456 φυτὰ
1039 3375 1090 3431 νῦν
1109 3366 1163 3455 μὲν

172 3487 232 3570 ἤθη
253 3497 397 3591 βρίθοντα
413 3504 476 3576 τοῖς
497 3506 639 3590 καρποῖς,
656 3499 727 3577 τοὺς
742 3491 776 3564 θὲ
793 3501 885 3590 μήπω
899 3499 1074 3590 γενομένους
1091 3487 1162 3562 ὡδί·
1274 3575 1276 3582 y

174 3655 278 3698 νοντα·
307 3633 381 3696 ὅταν
412 3622 446 3696 θὲ
469 3629 561 3696 πάλιν
586 3631 686 3722 καιρὸς
710 3636 788 3724 καλῇ
816 3621 927 3727 (375),
954 3629 1089 3698 πείθεται
1116 3633 1163 3708 τῷ

175 3763 364 3856 κηρύγματι,
393 3762 442 3828 καὶ
471 3757 570 3856 ἐξάγει
594 3762 644 3829 καὶ
673 3764 845 3854 ἐπικραίνει
870 3765 921 3833 καὶ
944 3768 1021 3839 ὅλως
1043 3759 1166 3850 τελέους
