2864 4810
166 479 169 485 .
213 454 232 492 x
538 429 902 495 WERNSDORFII

211 571 287 628 aium
305 571 428 630 editioni
441 575 539 644 AEucae
554 572 711 647 praemissa,
729 575 837 628 Tamen
852 590 866 626 a
883 582 1013 626 veterum
1029 572 1207 648 scriptorum

210 667 307 739 nullo,
326 666 527 743 quodseiam,
544 667 639 744 ipsum
654 667 777 743 ejusque
796 665 888 722 libros
904 665 1075 724 nominatim
1094 666 1215 724 laudari

210 763 311 820 miror.
327 769 511 841 Quamquam
526 763 616 840 igitur
630 762 700 840 quid
719 763 748 819 in
764 763 823 820 vita
843 763 934 839 egerit
950 781 1072 839 prorsus
1090 757 1133 820 es't
1150 761 1207 820 ob-

209 879 343 930 scurum,
359 872 456 918 tamen
471 860 507 918 de
521 872 606 918 aetate
621 859 698 936 ejus,
719 860 835 917 indiciis
852 879 887 916 ex
905 861 969 936 ipso
982 859 1123 930 collectis,
1137 861 1208 916 scri·

207 969 306 1033 ptores
314 957 491 1014 recentiores
500 957 695 1016 consentiunt.
704 963 768 1016 Jam
781 962 811 1016 B.
823 957 984 1014 Rhenanus
996 958 1073 1012 circa
1085 959 1208 1028 Zenonis

208 1066 235 1108 et
250 1055 405 1108 Anastaslc'
417 1068 543 1128 tempora
547 1055 690 1126 floruisse
706 1053 810 1125 ducet,
828 1065 923 1110 tamen
936 1051 1107 1111 dubitanter
1117 1075 1129 1120 :N
1141 1072 1208 1109 eum

208 1160 373 1225 sequuntur
387 1151 526 1221 Wolfius,
540 1150 911 1220 Morellius‚Bellarminus
926 1161 955 1205 et
973 1149 1031 1206 alii.
1049 1148 1092 1206 ad
1111 1148 1208 1206 saeculi

209 1245 304 1322 quinti
321 1245 406 1304 finem
420 1247 556 1324 rejiciunt
570 1253 618 1306 Du
633 1248 686 1304 Pia
697 1287 704 1314 ‚
717 1245 887 1317 Fabricius,
903 1247 1069 1308 Bratcherus
1079 1268 1089 1302 t
1101 1245 1139 1302 ad
1154 1264 1208 1300 an-

209 1359 279 1396 num
302 1360 465 1398 cnnxxxvn
490 1343 579 1398 refert
609 1347 730 1400 Caveus.
754 1345 798 1397 Ex
823 1341 971 1397 mentione
996 1339 1211 1416 persecutionis

209 1435 374 1493 Vandalicas
393 1437 436 1493 illi
457 1456 559 1494 omnes
575 1436 604 1493 id
621 1435 763 1512 eolligunt
776 1455 784 1490 ε
797 1435 848 1492 sed
866 1435 954 1512 plura'
976 1446 1076 1490 extant
1096 1434 1126 1491 in
1144 1435 1209 1511 ipso

208 1537 302 1597 AEnea
317 1543 346 1588 et
357 1533 418 1590 fere
434 1533 631 1592 luculentiora
642 1533 767 1605 indicia,
782 1545 815 1590 ut
829 1546 897 1590 aetas
912 1532 974 1609 ejus
986 1533 1023 1590 sit
1037 1531 1106 1590 satis
1120 1545 1209 1590 certa.

208 1635 340 1708 Namque
355 1633 386 1690 in
406 1635 481 1692 Dial.
499 1641 513 1706 S
529 1636 566 1692 25
586 1635 627 1712 [p.
653 1635 718 1712 14],
734 1633 834 1691 laudat
848 1633 1002 1710 Syriarum
1024 1653 1057 1690 ac
1074 1634 1208 1690 Proclum

207 1727 417 1806 philosophos,
437 1751 511 1807 quos
535 1733 640 1798 saeculo
667 1733 772 1811 quinto
799 1742 923 1788 exeunte
948 1730 1055 1788 vixisse
1081 1741 1210 1800 coustat;

207 1825 340 1900 quamvis
358 1827 425 1910 ¹Cel.
450 1828 584 1885 Reishius
602 1828 673 1887 Obs.
691 1828 728 1885 ad
749 1827 869 1885 Anthol.
890 1827 982 1904 Ceph.
999 1813 1073 1898 Ι755,
1089 1845 1118 1902 p.
1143 1834 1209 1895 244,

208 1920 307 1977 multis
330 1919 484 2000 contendit
501 1915 638 1981 Proetum
657 1923 716 2000 jam
739 1921 857 1983 Libanii
879 1943 912 1984 ac
934 1922 1051 1982 Leontii
1069 1922 1209 1998 aequalem

206 2018 221 2073 f
224 2015 317 2088 uisse,
336 2018 442 2082 saeculo
457 2032 564 2097 quarto
585 2015 710 2078 exeunte
733 2019 896 2096 quintoque
915 2019 1034 2076 ineunte
1051 2018 1207 2087 viventem.

208 2117 309 2191 Ipsum
328 2112 455 2174 vicissim
469 2109 589 2174 AEheam
601 2103 705 2174 iaudat
718 2129 806 2192 atque
819 2113 959 2174 exscribit
977 2107 1134 2173 Zacharias
1146 2113 1208 2184 Mi-

207 2213 363 2290 tyanaeus,
379 2234 466 2291 quem
483 2201 589 2270 saeculo
604 2227 686 2270 sexto
701 2211 799 2268 medio
815 2211 892 2268 diem
911 2209 1019 2268 obiisse
1033 2209 1158 2278 seimus,
1176 2217 1223 2264 ut*

207 2327 243 2366 eo
265 2312 461 2391 antiquiorem
487 2311 588 2386 paullo
614 2315 734 2367 AEneam
760 2307 849 2364 luisse
872 2319 986 2383 pateat,
1013 2306 1093 2363 inte'r
1111 2293 1226 2362 aetates'

206 2409 303 2464 Procli
324 2421 353 2463 et
366 2405 539 2464 Zachariae
533 2403 731 2488 interjectum.
747 2407 840 2458 Porro
860 2413 961 2456 noster
981 2399 1159 2472 discipulum
1179 2417 1208 2454 se

206 2500 351 2560 Hieroclis
374 2482 567 2562 Alexandrini
589 2494 743 2573 perspicue
770 2495 928 2570 prolitetur
951 2495 981 2549 in
1005 2483 1225 2568 Dialogo[§''1'

207 2595 249 2672 [p.
268 2597 310 2674 1];
328 2615 413 2672 quem
435 2577 604 2652 Hieroclem
624 2593 727 2648 Brucla.
747 2591 820 2648 Hist.
841 2589 913 2666 phil.
933 2601 953 2646 t.
973 2607 1000 2662 a,
1022 2609 1050 2666 p.
1069 2587 1137 2660 306,
1154 2587 1208 2646 sub

207 2690 376 2749 Theodosio
384 2691 504 2768 juniore
519 2690 653 2746 docuisse
665 2687 774 2758 eredit,
788 2707 841 2763 ego
857 2687 892 2742 ad
905 2687 1012 2758 Leonis
1024 2686 1145 2744 Thracis
1159 2680 1224 2742 a'ut'

206 2789 334 2845 Zenonis
348 2808 470 2864 regnum
484 2787 593 2844 referre
608 2785 733 2842 mallem.
746 2788 879 2860 Namque
891 2803 928 2840 ex
939 2783 1210 2862 Damasei'u'Suidas

207 2884 236 2940 in
257 2881 405 2964 Ἱεροκλῆς,
422 2899 510 2960 atque
525 2883 587 2960 ipse
602 2881 774 2940 Damaseius
787 2901 834 2960 ap.
850 2881 934 2938 Phot.
950 2901 981 2958 p.
1005 2883 1089 2952 1037,
1104 2874 1218 2936 Hiero:²

207 2979 260 3036 elis
272 2977 448 3056 discipulum
462 2976 659 3036 Theosebium
672 2977 713 3034 ita
728 2977 845 3045 laudat,
862 2988 895 3032 ut
911 2976 1081 3052 cognovisse
1096 2989 1161 3032 eum
1176 2993 1209 3031 ac

207 3077 331 3154 propius
346 3075 530 3154 perspexisse
543 3074 692 3144 videatur3
706 3072 785 3150 quod
798 3073 835 3148 de
847 3073 1015 3146 Damascio,
1028 3072 1080 3149 qui
1092 3055 1210 3144 demum

207 3185 275 3248 post
287 3178 304 3231 J
307 3174 483 3230 ustinianum
498 3177 573 3248 Imp.
592 3171 724 3247 scripsit,
740 3169 820 3226 credi
833 3190 891 3226 non
903 3183 1019 3248 posset,
1033 3169 1089 3226 nisi
1104 3159 1220 3252 Hiero-¹

207 3268 260 3325 clis
283 3273 396 3326 aetatem
419 3267 602 3345 temporibus
621 3267 756 3332 ,Zenonis
779 3274 808 3323 et
825 3266 967 3324 Anastasii
987 3278 1104 3339 aequare
1119 3263 1209 3320 'velis¹

208 3343 1219 3440 AntelustinumcertequidemAEueamscripsissenecesseost.Nam-‘

208 3479 266 3536 que
280 3459 558 3517 calamitosissimam
573 3457 734 3514 Antiochiae
746 3447 871 3534 stragem
885 3475 949 3532 quae
962 3475 987 3513 a.
998 3455 1072 3524 ¹526,
1084 3453 1217 3531 septimo·

209 3555 333 3624 lustini,
355 3555 477 3634 accidit,
494 3575 559 3612 cum
581 3555 705 3611 maxima
721 3551 791 3611 urbs
810 3564 958 3630 caputque
972 3551 1111 3610 Orientis'
1126 3565 1209 3622 terrae

212 3665 292 3710 motu
316 3653 423 3711 iterato
444 3666 472 3710 et
495 3650 633 3709 incendio
656 3651 751 3708 deleta
775 3651 848 3722 fuit,
867 3669 927 3705 non
938 3647 1043 3706 solum
1060 3634 1213 3734 utinquam

212 3761 364 3822 memorat,
375 3722 522 3807 sedetiam
534 3753 633 3826 Ep.
605 3771 636 3804 1
622 3745 686 3806 ad
698 3747 872 3824 Dionysium
883 3742 1099 3802 Antiochenam
1105 3737 1208 3797 trabem
1270 3763 1275 3772 ¹

177 3919 178 3922 Ἴ
211 3847 290 3905 illam
303 3847 399 3906 adhuc
411 3846 562 3908 florentem
575 3845 790 3925 superbamque
801 3839 948 3952 describit.
958 3817 1092 3914 Denique
1104 3841 1176 3894 AEm
1169 3825 1215 3891 as⁸
