2864 4810
231 468 282 550 rvj
551 455 917 533 WEtthlloltlttl
1006 457 1009 464 ’

230 604 300 666 urbe
317 603 389 664 mut
403 605 499 677 misit,
515 615 549 662 ut
563 605 753 664 Frobem'am's
766 606 843 680 typis
862 595 945 679 apttd
961 621 1014 660 ret
1030 603 1230 664 excuderetur.

229 709 295 782 Ego
304 705 419 782 quciicm
433 715 467 762 ut
473 704 600 779 primum
610 705 723 780 accepi,
734 703 839 759 cursim
852 692 985 772 trcrut'vi,
998 711 1054 760 etc.
1068 699 1172 760 Altera
1182 699 1229 760 ed.

230 800 414 878 prodiitBas.
427 797 553 874 15165in
561 810 675 877 quarta,
684 796 783 856 studio
790 801 822 856 B.
834 793 981 865 Rhenani,
990 812 1049 854 una
1058 813 1125 854 cum
1138 797 1231 856 Atbc·

231 915 342 976 nagera
353 909 382 955 et
393 897 468 955 sixti
483 896 667 975 Pythagorei
676 895 840 954 sententiis.
855 899 908 974 Du
916 894 1014 954 Pinius
1028 905 1163 954 neumam
1179 913 1231 953 ea-

230 1012 297 1051 rum
308 1007 459 1052 memorat.
469 998 600 1071 Namque
609 1006 639 1052 et
649 993 797 1072 posterior
808 991 899 1052 editio
908 991 1090 1070 conspicitur
1100 1009 1179 1065 rato,
1191 1001 1231 1064 et,

233 1109 301 1149 cum
313 1091 365 1149 diu
379 1091 448 1150 satis
461 1091 493 1148 in
504 1091 734 1150 instructissimis
746 1091 894 1150 variarum
908 1090 1028 1149 urbium
1041 1087 1232 1149 bibliothecis

231 1187 354 1266 quaesita
368 1200 442 1247 esset
453 1189 574 1262 frustra,
590 1188 709 1248 tandem
723 1193 853 1249 eseren.
868 1185 1023 1248 Guelferb.
1037 1187 1126 1246 Ducis
1139 1205 1232 1264 appa-

230 1298 296 1343 ratu
312 1285 455 1344 librorum
465 1285 592 1366 benigne
604 1286 789 1346 commodata
800 1286 873 1345 mihi
888 1285 952 1344 suit.
964 1289 1034 1345 Haec
1048 1281 1231 1342 ambrosiana

229 1384 451 1462 interpretatio,
460 1384 558 1461 siquid
566 1381 703 1460 judicare
715 1385 812 1455 valeo,
825 1383 953 1460 reliquas
962 1401 1062 1441 omnes
1071 1381 1231 1460 plurimum

229 1481 322 1537 vincit
335 1479 522 1537 accuratione
533 1490 563 1536 ct
573 1479 784 1556 perspicuitate
797 1491 826 1537 et
838 1478 997 1556 elegantia3
1009 1477 1061 1537 sed
1073 1477 1232 1556 plurimum

230 1574 409 1652 discrepata
429 1574 539 1632 nostris
555 1574 673 1651 graecis,
688 1576 801 1654 quippe
817 1595 854 1634 ex
875 1577 934 1634 alio
944 1575 1100 1652 'valdeque
1114 1573 1232 1631 diverso

231 1669 333 1730 codiee
348 1689 495 1750 expressa.
509 1675 574 1729 Hoc
585 1669 646 1747 jam
665 1671 833 1731 observavit
848 1677 894 1731 Jo.
907 1673 1047 1746 Wolfius,
1063 1675 1170 1749 nempe
1184 1680 1231 1727 rc-

231 1782 292 1822 rum
303 1767 418 1842 pariter
429 1779 460 1824 et
472 1764 624 1823 uerborum
638 1767 767 1824 ordinem
787 1787 842 1824 non
861 1755 983 1826 eundem
997 1771 1027 1826 in
1039 1768 1232 1825 translatione

231 1863 327 1918 ueteri
336 1863 458 1931 servari,
470 1881 556 1938 quem
567 1881 680 1937 graecus
688 1863 761 1918 liber
768 1883 834 1920 suus
844 1863 960 1933 tabeat,
969 1874 999 1920 et
1007 1865 1118 1922 alicubi
1125 1867 1233 1940 integra

222 1956 318 2030 fiilia,
332 1955 440 2014 alicubi
454 1962 558 2016 multos
574 1967 693 2028 vertras,
708 1936 1004 2035 intordam'quoedcm
1018 1945 1109 2018 acerba
1122 1963 1231 2019 deesse.

230 2057 335 2130 Neque
351 2053 430 2112 enim
444 2053 539 2113 solum
555 2053 700 2113 vocabule
720 2053 771 2113 aul
790 2055 881 2112 incisa
901 2053 1060 2132 singularia
1076 2056 1159 2116 addit
1178 2067 1231 2116 aut

165 2134 170 2140 ’
231 2148 341 2208 omittit
353 2148 539 2225 Ambrosius,
553 2151 605 2211 sed
618 2151 706 2222 etiam
718 2164 797 2212 totos
808 2159 957 2225 sembnes
966 2173 979 2236 3
991 2145 1063 2230 quin
1078 2153 1165 2211 etiam
1177 2153 1231 2210 ati-

230 2265 291 2324 quo
307 2247 373 2304 loco
391 2253 406 2320 s
424 2258 461 2325 49
475 2248 516 2326 [p.
532 2247 598 2327 ²l]‚
615 2259 645 2306 et
658 2247 745 2321 §⁶158
760 2247 800 2326 [p.
819 2249 868 2326 58]
883 2250 956 2307 mira
972 2248 1161 2327 transpositio
1177 2269 1231 2326 pa-

229 2343 365 2420 ginarum
380 2345 562 2422 integrarum
576 2328 652 2404 facla
670 2357 714 2404 est
730 2355 760 2402 et
776 2345 902 2421 proinde
918 2343 1124 2422 disputationis
1140 2346 1231 2402 totius

230 2436 333 2513 ingens
355 2436 508 2504 confusio,
529 2457 617 2512 quam
636 2450 733 2494 ortam
753 2437 932 2494 crediderim
953 2455 990 2492 cx
1003 2425 1167 2514 bibliopegi
1180 2457 1230 2494 er·

229 2549 316 2603 rore,
332 2531 384 2609 qui
397 2531 505 2590 vetusti
521 2525 634 2601 codicis
651 2530 721 2588 folia
734 2549 892 2609 perperam
906 2509 1103 2590 collocaverat
1116 2544 1147 2590 et
1157 2547 1232 2590 ccu-

164 2617 167 2624 ’
230 2627 295 2686 fuse
310 2639 495 2704 compactum
513 2626 621 2685 librum
639 2625 837 2686 transmiserat
851 2637 903 2684 aut
919 2627 957 2685 ad
972 2626 1165 2706 interpretem
1179 2641 1231 2687 ant
1334 2635 1336 2639 ’

230 2721 268 2782 ad
281 2739 407 2799 graecum
423 2722 577 2785 librarium
592 2744 601 2781 c
616 2710 712 2802 neque
734 2724 810 2782 enim
828 2723 864 2782 ab
880 2723 946 2802 ipso
967 2730 1059 2785 AEnca
1076 2724 1139 2784 haec
1149 2725 1229 2803 justo

119 2815 125 2826 '
228 2816 327 2876 ordini
346 2820 493 2878 contraria
514 2821 670 2880 collocatio
685 2822 834 2900 proticisci
850 2823 957 2900 potuit.
978 2827 1041 2883 Nos
1055 2811 1153 2882 autem
1171 2824 1228 2882 ha-

229 2933 296 2972 rum
310 2914 484 2974 varietatum
505 2934 540 2976 ac
556 2907 1000 2996 discrepantiarum'qnamlibet
1018 2938 1072 2978 suo
1091 2919 1158 2978 loco
1171 2938 1229 2978 no-

230 3009 355 3070 tavimus
372 3024 402 3070 et
421 3031 488 3092 quae
501 3015 609 3073 nostris
626 3014 727 3093 graecis
745 3013 885 3088 deerant,
900 3003 992 3074 latina
1005 3002 1228 3092 adscripsimus,

229 3107 347 3186 nequid
357 3121 468 3168 nostrae
477 3110 614 3183 editioni,
626 3111 706 3190 quod
717 3112 748 3169 in
758 3111 954 3172 ambrosiana
966 3125 1094 3186 extaret,
1105 3113 1228 3170 deesset.

229 3204 331 3264 Multis
352 3217 450 3264 autem
470 3209 623 3269 contendit
645 3209 769 3281 Ilicem,
790 3229 820 3288 p.
843 3211 862 3268 3
886 3211 981 3288 prael,
1008 3195 1234 3268 Ambrosiancm

229 3299 396 3360 Jttstiniano
408 3307 527 3362 Veneto
546 3295 663 3364 missam
678 3325 740 3365 esse
754 3307 954 3386 suppositam,
976 3295 1044 3364 cum
1064 3307 1097 3362 in
1113 3323 1147 3363 ea
1162 3304 1235 3362 nrr'-

230 3407 313 3456 retur
323 3397 381 3456 iter
390 3398 539 3477 quoddam
549 3421 675 3479 graecum
685 3401 828 3464 Ambrosii
840 3414 907 3462 cum
916 3401 1042 3462 Philello
1052 3407 1233 3479 susceptum,

229 3493 309 3571 quod
319 3513 469 3573 nunquam
481 3497 589 3576 suscipi
603 3489 745 3577 potuerit.
758 3506 794 3558 tt
805 3499 835 3558 in
845 3519 878 3559 ea
890 3497 948 3572 ed,
961 3517 1019 3577 qua
1033 3483 1088 3586 ego
1101 3497 1234 3582 iuiusus,

197 3617 200 3620 ·
230 3591 272 3650 nil
287 3592 525 3672 talelegitnro).

265 3895 302 3962 (ι)
321 3898 414 3950 Scilicet
425 3915 475 3951 non
484 3895 577 3952 viderat
587 3901 766 3954 Wemsdorliut
776 3901 905 3955 editionem
913 3907 1044 3964 Venetam,
1059 3917 1103 3951 nse
1115 3905 1229 3950 Genusu-
