2818 4814
531 400 561 465 ο
587 397 807 465 mmor„
1110 395 1154 487 73

175 543 310 625 ἀντεῖπεν
324 544 440 637 οθέείς·
465 555 494 624 σί
513 547 549 623 θέ
565 558 625 623 νέοι
643 556 840 649 θρασύνονται
852 553 904 623 καὶ
921 553 990 642 θείῳ
1004 549 1090 648 λόγῳ
1103 581 1158 624 πο·

171 696 273 782 λεμεῖν
291 688 480 783 ἐπαίρονται·
499 684 528 757 οἲ
546 680 602 774 ἐὴ,
621 686 700 766 θείας
717 685 821 782 μοίρας
840 674 936 781 (565)
952 687 1157 779 ἀφεστηκότος

169 822 221 890 καὶ
239 822 318 890 πολὺ
336 822 374 890 τὸ
396 817 507 916 αἶλυγον
528 822 740 913 ἐπισύροντες,
759 824 793 888 ού
815 820 905 912 μόνον
924 821 963 890 τθ
982 831 1072 914 σῶμα
1087 819 1155 896 θνη-

168 955 219 1021 τθν
237 955 278 1033 εἰς
299 954 346 1021 οἷοὶ
360 954 609 1039 καταλείπουσιν,
632 949 711 1020 ἄλλα
727 950 781 1018 καὶ
801 956 893 1028 αὐτὴν
912 955 968 1028 τθν
988 949 1087 1046 ψυχὴν
1103 959 1155 1021 ὑπ’

167 1086 292 1181 ἀλογίας
311 1087 450 1155 τεθνσίναι
474 1079 771 1179 προσαναγκάζωσι·
793 1083 923 1164 Θάνατος
941 1084 998 1181 γὰρ
1018 1084 1117 1180 ψυχῆς
1135 1093 1154 1161 ιθ

167 1229 224 1297 τῆς
251 1220 360 1310 ἀρετῆς
384 1215 493 1312 ἄγνοια
520 1205 627 1310 (566).
650 1214 699 1284 T&
716 1208 752 1283 θέ
775 1225 836 1284 τῶν
854 1203 993 1312 Εθραίιυν
1009 1217 1157 1312 λόγια,ἃ

167 1347 211 1416 τὰ
238 1358 295 1417 τοῦ
326 1338 514 1427 Ᾰπόλλωνος
540 1345 690 1441 ἀνύμνησε
717 1349 825 1443 λόγια,
856 1360 1019 1442 πανταχοῦ
1046 1351 1157 1443 προλέ.

104 1469 106 1471 ·
166 1505 212 1575 γει
231 1469 327 1573 (567)
342 1483 376 1549 ού
396 1491 452 1549 τοῦ
469 1481 626 1573 ἀνθρώπου
644 1504 674 1548 τι
691 1481 797 1574 μέρος,
814 1481 884 1548 ἀλλ’
901 1485 972 1550 θλον
991 1476 1156 1549 ιένα6ιῶναι
1194 1564 1202 1579 ¹

158 1615 218 1681 τὸν
236 1610 405 1707 ἄνθρωπον.
420 1617 484 1682 Νῦν
502 1623 574 1707 γοῦν
595 1614 642 1681 ἐτι
659 1611 744 1707 παρὰ
762 1619 827 1693 τοῖς
842 1615 947 1709 Σύροις
965 1613 1020 1682 εἰσὶ
1035 1613 1086 1682 καὶ
1101 1609 1156 1682 εἶλ-

165 1746 232 1814 λοθι
258 1742 428 1841 ἄνθρωποι,
452 1749 486 1813 ἐκ
511 1736 624 1825 παιθθς
647 1745 688 1824 εἰς
704 1755 800 1840 γῆρας
823 1745 1086 1840 σεσυφρονηκότες
1105 1771 1159 1815 και

166 1882 224 1953 τὴν
246 1874 344 1971 ψυχὴν
367 1865 465 1970 (568)
488 1879 564 1972 πρὸς
588 1874 631 1944 τθι
652 1877 750 1952 νοητθι
777 1878 1033 1972 μετεωρίσαντες,
1051 1878 1104 1945 καὶ
1120 1879 1157 1946 τθ
1287 1881 1291 1888 ’

168 2019 259 2100 σῶμα
279 2001 429 2076 δουλεύειν
452 2012 530 2102 αὐτῇ
546 1997 612 2076 ’κάν
632 2017 694 2088 τοῖς
713 2014 817 2090 ὕπνοις
835 2009 1074 2096 ἀναπείσαντες,
1090 2007 1159 2097 καὶ,

168 2131 277 2230 πράξει
300 2138 352 2204 καὶ
380 2137 487 2229 θεωρία
511 2137 688 2231 φιλοσοφίας
715 2141 754 2216 εἰς
773 2138 864 2232 ι’ίκρον
887 2143 1080 2233 ἀφικόμενοι,
1103 2145 1159 2216 τὴν

171 2279 227 2337 τοῦ
245 2267 312 2336 θεοῦ
337 2258 507 2347 θεικνύντες
534 2268 706 2363 συγγένειαν
727 2268 779 2336 καὶ
801 2270 892 2337 αύτθν
912 2273 1049 2362 καθαρῶς
1067 2296 1160 2364 προσ-

167 2403 369 2492 καλούμενοι,
388 2405 507 2494 νεκρούς
524 2392 692 2468 ῦὲναόιῶναι
710 2405 908 2485 πεποιήκασι,
927 2403 1042 2476 ταύτην
1059 2401 1161 2478 ίιιανλν

168 2525 322 2612 ἀπόδειξιν
350 2543 406 2602 τοῦ
433 2525 588 2628 δόγματος
611 2537 874 2629 προεισφέροντες·
897 2526 986 2603 ούθέν
1013 2534 1070 2630 γὰρ
1090 2539 1162 2627 παρ’

168 2667 271 2744 αὐτοῖς
290 2657 394 2760 δόγμα
412 2667 501 2758 μέχρι
523 2672 585 2734 τῶν
601 2669 702 2761 λόγων
723 2668 869 2754 ἵσταται,
892 2669 962 2736 αλλ’
988 2668 1048 2738 ἀπὸ
1066 2669 1161 2763 ἐργων

168 2797 248 2876 εύθὺς
272 2793 424 2890 λαμθοίνει
451 2802 506 2873 τὴν
527 2798 646 2866 πίστιν·
672 2798 723 2866 καὶ
751 2803 843 2867 θτοῦ
865 2799 1021 2892 θαύματος
1048 2801 1157 2879 θεατὴς

169 2930 285 3004 ἀπῆλθε
308 2941 364 2998 τοῦ
380 2921 546 3024 ’δόγματος
573 2936 628 2999 οὐκ
654 2929 823 3026 ἀμφίύολος
848 2933 1011 3026 ἀκροατής.
1036 2929 1098 3000 Καὶ
1121 2937 1155 3001 οὐ

169 3062 260 3153 μῦθος
276 3063 312 3129 τὸ
325 3066 504 3156 λεγόμενον,
519 3055 590 3130 οὐδὲ
604 3062 700 3131 παλαι
716 3063 753 3130 τθ
770 3064 871 3156 θαῦμα
884 3065 1042 3156 γενόμενον
1056 3063 1157 3157 χρόνῳ

170 3183 389 3258 διακόπτεται·
416 3192 495 3260 ἀλλὰ
517 3184 598 3261 αἶθον
628 3196 721 3289 ἔγωγε
750 3191 924 3288 πρεσύύτην
948 3182 1046 3286 (570)
1074 3196 1158 3285 μαλα

169 3324 259 3391 καλὸν
283 3323 335 3392 καὶ
358 3325 395 3392 τὸ
423 3327 494 3394 ὅλον
520 3328 576 3414 θεῷ
601 3315 830 3422 κεχαρισμένον·
854 3327 956 3417 τούτῳ
976 3327 1102 3409 συντίθης
1120 3323 1157 3402 ἦν

169 3457 327 3552 γεωργός,-
343 3460 458 3538 ἀπλοῦς
476 3460 550 3554 ἀνὴρ
578 3460 629 3528 καὶ
649 3462 712 3540 ἐνθς
732 3452 895 3554 παιδαρίου
911 3467 1033 3555 πατήρ.
1055 3460 1157 3540 Οὗτος

168 3585 248 3678 μετὰ
268 3600 324 3672 τοῦ
341 3581 453 3670 παιθθς
472 3590 556 3684 θαμὰ
574 3590 657 3685 παρὰ
674 3595 728 3659 τὸν
746 3587 920 3687 πρεσὸύτην
941 3593 1064 3684 ἐφοίτα,
1081 3621 1156 3686 χρη·

167 3721 238 3786 στόν
259 3747 291 3788 τι
308 3724 412 3814 μαθεῖν
426 3723 479 3791 καὶ
495 3727 592 3792 ποιεῖν
608 3725 789 3819 βουλόμενος
808 3713 920 3818 (5ρε),
937 3727 1063 3794 καὶτῶν
1081 3749 1157 3814 καρ-

169 3852 307 3933 τῶντὰς
330 3854 471 3951 ἀπαρχὰς
494 3861 596 3953 ὥσπερ
615 3859 655 3938 είς
678 3859 755 3952 ἱερὸν
774 3863 837 3928 ἐκεῖ
856 3851 1017 3949 θιεκόμιζε.
1038 3855 1155 3946 Χρόνος
