2864 4810
545 423 862 493 DISPUTA'PIO.
1157 426 1208 488 xix

134 633 136 640 s
252 573 304 629 tx.
327 567 458 628 Tandem
482 567 580 626 denno
603 571 724 626 AEneam
747 567 839 626 edidit
859 569 890 626 C.
912 569 1050 626 Battltiua
1066 587 1122 624 una
1142 586 1206 624 cum

211 667 297 724 Zach.
314 669 506 744 Mitylenen,
519 666 598 744 Lips.
619 686 667 745 ap.
681 669 727 724 Jo.
746 670 891 726 Bauerum
909 667 995 740 1655,
1008 685 1060 724 seu
1078 665 1163 737 165⁸,
1178 667 1207 722 in

209 775 323 840 quarta.
339 769 439 824 Graeca
456 763 599 842 scriptura
620 781 742 840 prorsus
762 782 797 822 ert
814 763 956 842 Tigurina
968 768 1005 823 A.
1024 761 1147 820 Gesneri
1160 761 1207 820 ed.

208 870 252 916 est
262 878 401 937 expressa
412 859 475 918 aine
488 858 598 945 auxilio
609 857 677 916 cod.
690 857 778 915 ullius
791 871 842 916 aut
852 859 899 917 ed.
911 859 998 928 alius,
1011 870 1207 936 praeterquam

206 953 409 1017 umbrosiane
428 956 563 1034 interpr„
579 955 620 1013 ita
638 968 751 1024 tamen,
768 967 801 1011 ut
817 954 914 1034 aliqua
931 975 1087 1034 operarum
1105 954 1206 1031 sphal-

206 1063 301 1123 mata,
317 1071 384 1128 quae
404 1052 614 1114 Gesnerianam
635 1050 819 1121 insederant,
834 1052 1016 1123 tollerentur,
1038 1051 1206 1110 acdeorum

206 1147 273 1204 loco
288 1147 347 1206 alia
360 1149 447 1226 longe
461 1149 548 1226 plura
561 1159 591 1206 et
608 1148 701 1206 multo
715 1147 853 1224 graviora
869 1148 1048 1208 inferrentur
1063 1161 1092 1206 et
1110 1145 1208 1212 multia

207 1243 280 1302 locis
301 1243 422 1320 integrae
441 1244 540 1316 lineae,
564 1257 596 1302 ut
611 1264 640 1323 p.
660 1265 710 1316 17.
724 1263 755 1322 p.
778 1245 828 1314 25,
853 1247 899 1316 37,
916 1248 964 1319 73,
987 1246 1016 1304 in
1033 1245 1143 1305 Barthii
1163 1245 1207 1302 in-

206 1352 297 1418 terpr.
314 1341 434 1406 omuino
459 1341 581 1418 positae,
598 1340 628 1398 in
644 1341 747 1417 graecis
768 1341 978 1400 omitterentur
997 1364 1004 1398 ι
1022 1355 1052 1400 et
1076 1342 1208 1418 quamvis

203 1434 397 1513 sphalmatum
411 1434 499 1494 index
513 1434 550 1492 ad
565 1435 637 1494 calc.
652 1434 723 1493 libri
737 1447 783 1494 sat
798 1453 919 1512 magnus
934 1435 1146 1514 conspiciatur,
1163 1448 1207 1494 ta·

202 1551 268 1590 men
286 1532 335 1591 vix
348 1545 431 1592 sexta
445 1552 513 1611 pars
527 1553 544 1592 e
558 1546 639 1592 tanto
654 1532 850 1611 sphalmatum
865 1533 1087 1594 commissorum
1101 1553 1207 1592 acervo

202 1640 318 1688 notatus
335 1629 582 1709 deprehenditnr3
597 1631 638 1689 ita
657 1645 689 1688 ut
704 1631 759 1688 ista
774 1631 933 1690 Barthiana
953 1631 990 1689 sit
1011 1631 1143 1710 omnium
1162 1631 1207 1689 vi·

203 1725 358 1796 tiosissima
375 1726 477 1786 editio.
497 1729 580 1787 Ferri
601 1727 631 1786 id
656 1713 769 1804 posset,
790 1732 922 1806 quamvis
939 1728 1009 1786 satis
1031 1729 1204 1798 molestum,

200 1843 260 1882 non
281 1825 403 1885 Barthio
422 1839 519 1884 tamen
538 1824 781 1904 exprobrandum
789 1868 800 1896 ,
822 1828 879 1885 nisi
896 1827 975 1904 ipse,
993 1825 1205 1886 infelicissimas

200 1937 266 1978 suas
280 1921 518 1981 emendationum
529 1921 714 1999 conjecturas
724 1941 779 1999 pro
788 1919 966 1982 lectionibus
976 1922 1126 1984 Wollianis
1138 1920 1206 1981 sub-

195 2015 343 2089 jiciendo,
357 2031 416 2077 tarn
428 2017 567 2076 audacter
577 2017 755 2096 scripturam
765 2037 889 2095 graecam
900 2003 1210 2096 corrupissetiquam,

198 2112 349 2172 licentiam
359 2115 532 2184 detestatus,
541 2115 688 2172 interdurn
697 2116 827 2174 severius
837 2115 986 2194 castigavi.
997 2121 1077 2174 Raro
1086 2114 1203 2193 quidem

202 2221 254 2266 aut
271 2208 310 2266 ab
324 2210 451 2266 historia
478 2222 530 2266 aut
553 2229 570 2265 a
595 2223 733 2293 contextu
758 2224 809 2268 aut
834 2211 871 2268 ab
898 2211 1091 2270 Ambrosiana
1113 2211 1206 2270 inter-

200 2304 369 2380 pretatione
389 2303 506 2380 adjutus
519 2316 599 2365 recte
615 2302 746 2362 restituit
763 2304 939 2382 scripturam
955 2323 1063 2375 veram,
1080 2317 1113 2361 ut
1128 2311 1143 2374 ς
1168 2307 1204 2360 at]

198 2400 240 2479 [n.
256 2399 361 2477 ι47],ἡ
375 2407 456 2477 μυῖα,
474 2405 489 2471 §
508 2401 577 2474 137,
594 2408 683 2470 σκιᾶς,
701 2407 715 2472 §
735 2400 790 2469 184
805 2402 847 2477 [ιι.
864 2399 950 2478 536],
966 2398 1100 2486 χιιλκιίῳ,
1115 2405 1131 2472 5
1149 2419 1205 2460 ano

199 2497 239 2574 [n.
256 2496 342 2574 563]‚
357 2494 497 2578 ἀρμίνιον,
511 2503 527 2570 §
543 2506 599 2567 ποί,
616 2497 657 2575 [n.
679 2497 761 2574 57a],
776 2495 900 2579 crepidi,
918 2497 1026 2574 quibus
1043 2517 1098 2574 ego
1113 2499 1202 2556 caeti·

199 2592 367 2673 gationiltos
381 2594 500 2652 minime
514 2595 634 2664 irascor.
645 2593 759 2671 Saepius
772 2607 869 2652 autem
884 2593 989 2653 frivole
1000 2595 1127 2652 mutavit
1137 2595 1203 2652 scri-

198 2704 316 2769 pturam
330 2696 345 2762 S
358 2692 386 2764 6,
400 2691 465 2765 125,
478 2690 705 2768 137,1ol‚r59‚
718 2691 954 2768 scriptoremque
968 2692 1201 2752 venustissimum

198 2787 410 2848 contaminavit
430 2789 528 2867 potius
550 2807 639 2866 quam
663 2788 811 2866 purgavit.
838 2787 894 2846 Sed
918 2802 1025 2866 praeter
1049 2789 1200 2852 Barthiuut

199 2885 295 2946 adhuc
304 2887 394 2960 alius,
406 2887 504 2946 nescio
516 2887 598 2963 quis,
608 2886 639 2943 in
649 2891 771 2969 AEneam
781 2899 927 2964 pausatus
942 2885 1012 2956 tuit,
1025 2888 1201 2963 scripturam

198 2982 341 3042 mutando
362 2996 463 3044 contra
481 2984 594 3056 Barthii
609 3003 727 3042 sensum
745 2995 774 3042 ct
787 2983 1014 3055 conscientiam,
1028 2985 1116 3042 semel
1131 2986 1200 3062 qui-

200 3078 267 3139 dem
283 3079 492 3151 felicissime‚§
517 3081 572 3136 126
590 3078 631 3157 [n.
651 3079 735 3158 4181,
756 3077 885 3159 ἐπίλειψις
906 3077 1063 3156 ponendo;
1082 3080 1152 3138 alias
1171 3093 1202 3138 ut

198 3374 334 3441 ignorantia
349 3391 391 3426 aeu
406 3376 527 3428 oblivione
543 3387 667 3445 peccatum
679 3378 711 3428 sit
721 3376 884 3436 commistum,
900 3373 1011 3442 quidem
1027 3373 1163 3426 admonitos
1174 3382 1199 3423 et

199 3457 302 3510 libenter
320 3475 443 3526 agnoscam
461 3469 485 3509 et
506 3459 631 3526 diligenter
648 3459 791 3512 emendabo.
813 3464 888 3510 Irto'm
906 3458 972 3510 enirn
991 3457 1080 3508 librum
1099 3457 1199 3526 dignun

199 3541 325 3618 existimo,
334 3542 377 3609 qui
390 3552 415 3592 et
430 3543 534 3593 fideliter
549 3552 572 3593 et
589 3544 709 3610 eleganter
725 3551 886 3595 convertatur.
903 3546 1013 3606 Quorum
1029 3541 1131 3591 alterum
1146 3543 1198 3608 ipre

199 3625 299 3692 quidem
314 3626 406 3685 studui,
423 3626 522 3677 alterum
539 3635 661 3676 autemut
676 3643 756 3693 neque
774 3643 786 3676 a
799 3625 921 3694 proposita
935 3641 960 3675 re
974 3624 1094 3691 nequeab
1110 3621 1198 3672 autoris
1244 3689 1250 3697 .

198 3709 277 3760 verhia
294 3709 429 3760 recederem
448 3710 555 3776 longius,
568 3709 647 3760 minua
667 3711 736 3779 potui
749 3719 876 3780 'prestare
895 3715 972 3778 Spero
987 3719 1068 3759 tamen
1084 3705 1157 3769 equis
1173 3709 1198 3753 et
1231 3695 1237 3702 ”

198 3793 282 3844 alienia
295 3794 326 3845 ab
340 3792 430 3845 invidia
448 3794 535 3844 atrimia
546 3795 584 3844 vel
600 3795 650 3860 ipsa
665 3785 791 3846 voluntale
809 3804 833 3844 at
845 3794 926 3844 studio
944 3785 1089 3843 satislaoturn
1107 3803 1158 3835 erae
1175 3809 1194 3838 n.

196 3875 371 3929 ltecwuttur
385 3877 443 3943 ipse.
460 3879 737 3941 (Wrartauaararnota.)
768 3913 783 3924 ..
827 3893 831 3902 ·
