2864 4810
127 513 129 518 ,
226 441 287 520 xxij
544 441 908 507 WERNSDORllll

223 577 398 661 tempoiibus
412 586 693 660 uicinum'nrguunt.
710 626 743 636 -
756 588 817 640 Hoc
833 581 923 643 libelli
940 605 1033 642 sumes
1044 585 1075 640 in
1091 605 1220 643 manum.

223 685 300 740 Nom
315 701 362 738 res
376 682 501 738 continet
512 682 639 756 theologi
650 683 808 758 cognitione
818 683 937 757 dignas,
953 685 1041 759 idque
1054 685 1145 740 multo
1155 700 1222 739 tnn-

224 780 309 851 ett'us,
322 799 407 855 quom
419 780 549 836 scotistoe
560 791 740 855 argutantur.

254 879 310 935 XI.
321 876 451 934 Primum
463 876 540 934 enim
550 895 648 934 rerum
657 876 822 935 divinarum
832 877 984 955 totiusque
989 877 1137 957 religionis
1144 875 1221 934 obri.

224 971 324 1031 stianae
334 971 514 1032 uberrimam
526 973 737 1051 cognitionem,
750 993 838 1053 quam
846 976 907 1052 jam
918 974 1078 1053 discipulus
1090 974 1152 1052 ejus
1162 985 1220 1032 vet.

222 1061 314 1150 epigr.
325 1089 367 1148 gr.
375 1069 415 1148 [p.
429 1070 495 1149 156]
507 1069 687 1149 praedicavit‚
696 1071 799 1129 merito
811 1072 839 1130 in
850 1091 886 1130 eo
894 1071 1086 1151 suspicimus3
1098 1070 1221 1128 maxime

222 1187 289 1224 cum
304 1187 370 1224 etim
387 1169 417 1225 in
433 1181 606 1247 argumento
620 1168 746 1228 feliciter
758 1169 923 1228 elaborasse
935 1169 1103 1241 videamus,
1119 1168 1221 1245 inquo

222 1262 356 1342 plerique
370 1264 519 1324 christiani
534 1266 671 1324 doctores
688 1265 886 1324 offenderunt.
902 1267 975 1338 Quis
992 1267 1070 1324 euim
1090 1276 1221 1324 veterum

221 1359 259 1417 de
279 1373 382 1420 natura
404 1363 567 1420 animorum
588 1381 750 1438 eorumque
770 1363 884 1439 origine
906 1363 1019 1420 cautius
1043 1361 1223 1438 disputavitt

221 1457 424 1531 quis'errores
452 1455 607 1534 platonicae
635 1454 742 1513 scholae
769 1456 930 1533 sapientius
956 1455 1095 1514 evitavit?
1122 1461 1222 1529 Quare

221 1563 354 1608 nostrum
369 1551 510 1629 quilibet,
525 1550 704 1610 mirabilium
717 1552 837 1626 tustini,
850 1552 1023 1626 Clementis,
1036 1552 1151 1611 Tatiani
1163 1555 1223 1612 Me·

221 1645 373 1725 thodiique
392 1661 421 1705 et
439 1648 574 1726 Origonis
589 1649 763 1725 placitorum
780 1668 901 1721 memor,
916 1649 1103 1730 prudentiam
1123 1655 1222 1709 AEneae

222 1743 419 1816 exosculatur,
433 1745 528 1822 quod,
543 1763 626 1804 secus
645 1757 733 1823 atque
753 1746 816 1822 isti,
833 1748 960 1805 animam
979 1748 1060 1805 omni
1077 1765 1222 1825 corporea

222 1843 285 1901 fece
296 1843 419 1901 libera'm
433 1858 462 1902 et
477 1863 514 1902 ex
528 1844 584 1902 deo
603 1857 698 1902 ortam
716 1866 769 1923 per
787 1858 924 1924 parentes
938 1866 1035 1924 neque
1048 1859 1116 1905 ante
1132 1867 1220 1904 mun·

221 1939 292 1998 dum
303 1939 451 1999 conditam
467 1942 646 2020 seorsimque
655 1943 685 2000 in
699 1943 772 2001 coelo
783 1957 943 2013 versatam,
957 1943 1008 2002 sed
1017 1965 1084 2002 cum
1097 1963 1221 2022 corpore

213 2037 306 2097 'simul
320 2051 418 2098 natam
431 2041 602 2100 introducit.
614 2046 659 2100 De
673 2043 764 2119 geniis
778 2063 868 2120 porro
880 2043 970 2101 sacris
984 2063 1018 2101 ac
1029 2041 1222 2115 daemonibus,

221 2154 295 2212 quos
309 2135 499 2216 incorporeos
519 2150 549 2196 et
564 2138 620 2196 deo
635 2138 783 2216 subjectos
799 2152 830 2198 et
848 2139 886 2197 ad
904 2139 1064 2199 ministeria
1083 2138 1221 2198 obeunda

220 2227 381 2290 destinatos
399 2233 506 2305 credit,
521 2233 628 2294 dubito
643 2257 680 2293 an
698 2236 781 2294 multi
794 2249 927 2294 veterum
944 2257 1026 2314 aeque
1042 2256 1111 2294 sana
1126 2235 1221 2294 disse-

221 2330 345 2388 ruerint.
361 2332 478 2390 Divinae
493 2346 589 2392 autem
605 2333 801 2410 providentiae
814 2334 989 2410 sapientiam
1009 2333 1075 2408 quis
1090 2332 1222 2408 pleniore

221 2445 273 2484 ore
295 2425 447 2482 laudavit?
470 2427 763 2501 quisoccutussimas
782 2427 914 2501 ejusdem
929 2425 991 2480 vias
1011 2425 1042 2480 in
1058 2423 1147 2482 rebus
1163 2425 1222 2481 hu-

220 2523 313 2581 manis
332 2516 533 2600 ·gubernan'dis
554 2535 583 2579 et
605 2522 815 2580 destinationes
835 2522 1041 2594 fortuitorum,
1067 2533 1099 2578 ut
1117 2521 1221 2580 existi-

198 2632 355 2690 ·mantur,
377 2633 498 2677 casuum
522 2619 673 2678 decentius
695 2620 914 2678 manifestavit?
935 2619 1001 2698 quis
1022 2619 1221 2680 innocentiam

220 2717 270 2776 dei
290 2717 320 2774 in
343 2717 547 2794 permittendis
561 2719 714 2777 hominum
733 2718 859 2796 peccatis
878 2718 1008 2776 sanctius
1025 2716 1167 2776 asseruit?
1183 2719 1224 2776 li·
1295 2781 1303 2797 l

220 2813 364 2872 bertatem
390 2827 486 2872 autem
510 2815 703 2872 bumanorum
728 2814 916 2872 consiliorum
940 2826 969 2871 et
992 2814 1135 2872 factorum
1156 2814 1223 2892 quis

220 2911 327 2969 fortius
341 2910 492 2969 defendit?
508 2910 635 2988 denique
647 2911 684 2969 de
697 2924 803 2969 aeterna
816 2912 882 2970 Filii
899 2912 1088 2988 generatione
1104 2925 1133 2969 et
1147 2931 1221 2988 pro-

220 3009 351 3066 cessione
362 3009 440 3086 Spir.
452 3011 481 3066 S.
493 3029 590 3087 neque
603 3009 788 3077 Athanasius,
801 3029 896 3087 neque
906 3009 1067 3086 Gregorius
1081 3005 1224 3087 ὁθεολόγος
1266 3067 1271 3085 Ι

203 3121 205 3128 ‘
221 3106 311 3183 magis
324 3105 491 3164 orthodoxe
510 3106 636 3186 magisve
654 3107 800 3166 subtiliter
815 3106 1042 3185 philosophatus
1058 3107 1131 3164 fuit:

261 3206 328 3260 Xll.
348 3201 446 3259 Habet
458 3203 576 3280 quidem
594 3223 704 3281 panca,
717 3202 825 3281 quibus
840 3203 933 3261 lector
948 3202 1111 3278 sapientior
1127 3201 1222 3260 offen-

220 3298 324 3368 datur;
344 3313 375 3356 ut
394 3299 474 3376 quod
495 3301 635 3360 nonnulla
649 3301 866 3378 platonicorum
884 3300 956 3358 scita
972 3319 1037 3357 cum
1054 3297 1222 3356 christianis

132 3458 137 3465 ⁴
219 3415 373 3474 perperam
394 3391 564 3477 ponfttndit‚
584 3410 616 3454 ut
636 3397 873 3474 rectissimejam
891 3396 1059 3456 observavit
1075 3402 1098 3454 I.
1117 3396 1221 3457 Bruck.

219 3497 293 3552 ltin.
305 3493 376 3570 phil.
393 3505 414 3550 t.
430 3495 457 3565 3,
472 3513 500 3570 p.
513 3493 567 3566 527
582 3517 590 3566 ;
603 3493 683 3571 quod
695 3515 722 3552 v.
736 3515 762 3552 c.
774 3494 915 3572 Spiritum
930 3498 958 3553 S.
974 3493 1114 3551 describit
1130 3492 1222 3550 veluti
1309 3489 1310 3492 ’

219 3590 344 3648 animam
362 3590 463 3647 muudi
478 3591 671 3668 platonicam3
684 3592 753 3650 item
768 3591 852 3690 quod
865 3605 999 3650 naturam
1017 3590 1144 3649 hominis
1161 3609 1220 3649 uon

220 3679 370 3762 informat,
387 3689 480 3766 qualis
495 3709 574 3747 nunc
589 3702 632 3748 est
650 3704 715 3769 post
728 3689 969 3767 depravationem
985 3711 1020 3746 ex
1036 3688 1151 3747 Adamo
1167 3708 1221 3745 na·

221 3801 295 3857 tam,
310 3785 359 3848 sed
374 3786 468 3863 qualis
483 3806 515 3843 ea
532 3785 673 3845 divinitus
693 3787 761 3845 data
780 3799 809 3844 et
829 3786 947 3845 condita
965 3787 1080 3857 fuerat,
1095 3797 1127 3842 ut
1143 3804 1222 3862 pau-

220 3884 312 3943 lulum
324 3883 518 3963 πελαγιανίζειν
528 3884 671 3944 videatur.
684 3886 862 3958 Quaeomnia
873 3884 992 3944 minime
1004 3883 1111 3962 probo,
1122 3894 1219 3941 tamen
