2796 4816
515 397 545 462 ο
571 395 790 463 mmor„
1093 393 1137 485 73

158 555 291 624 α’ντεῗπεν
306 541 423 634 οθθείς·
449 553 477 621 οἱ
497 543 532 620 θὲ
549 555 609 620 νέοι
627 554 822 647 θρασύνονται
835 551 888 621 καὶ
904 551 973 640 θείῳ
987 546 1073 646 λόγῳ
1086 579 1141 622 πο·

17 651 19 674 ’
154 695 252 781 λεμεῐν
273 686 463 779 ἐπαίρονται·
483 681 511 753 οἲ
530 677 586 771 θιθ,
605 683 684 763 θείας
701 683 804 780 μοίρας
823 672 919 779 (565)
935 685 1140 777 ἀφεστηκότες

151 820 202 889 καὶ
220 821 300 889 πολὺ
319 820 357 888 τὸ
379 814 491 913 οἷλογον
511 821 724 910 ἐπισύροντες,
744 822 777 885 ού
799 817 888 910 μόνον
907 819 946 886 τὸ
965 830 1055 912 σῶμα
1070 818 1138 893 θνη-

150 954 201 1020 τὸν
218 954 260 1033 είς
282 952 329 1020 ἀεὶ
342 951 593 1036 καταλείπωσιν,
615 947 695 1018 ἀλλὰ
710 948 765 1017 καὶ
785 954 876 1026 αὐτὴν
895 953 951 1026 τὴν
971 947 1070 1044 ψυχὴν
1085 957 1137 1019 ὑπ’

149 1085 275 1181 ἀλογίας
294 1085 433 1154 τεθνύναι
457 1076 753 1177 προσαναγκάζοιισι·
776 1082 906 1163 θοίνατος
924 1082 981 1179 γὰρ
1001 1083 1136 1178 ψυχῆςτί

149 1229 208 1297 τῆς
236 1219 345 1310 ιἰρετῆς
368 1215 476 1311 ε’ίγνοια
502 1203 607 1308 (566).
631 1213 680 1282 T&
698 1207 734 1282 θθ
757 1225 819 1284 τῶν
837 1202 976 1311 Εύραίιον
991 1215 1139 1310 λόγια,ι“ι

151 1347 196 1416 τὰ
223 1358 281 1417 τοῦ
311 1337 497 1426 Ᾰπόλλωνος
523 1344 672 1441 ἀνύμνησε
698 1349 806 1443 λόγια,
838 1359 1001 1441 πανταχοῦ
1029 1349 1139 1442 προλί·

148 1507 195 1576 γει
215 1469 311 1573 (567)
326 1483 360 1549 ού
378 1491 435 1548 τοῦ
452 1481 609 1574 όνθφύιτου
626 1507 656 1548 τι
674 1483 778 1573 μέρος,
795 1481 866 1549 ἀλλ’
883 1485 954 1550 ὅλον
974 1475 1138 1549 οἶνοιόιῶναι

148 1614 201 1681 τὸν
219 1610 388 1707 ἄνθρωπον.
403 1617 467 1682 Νῦν
486 1624 557 1708 γοῦν
579 1614 626 1680 ἔτι
643 1612 727 1707 παρὰ
739 1621 809 1694 ’τοῖς
825 1617 930 1709 Σύροις
948 1613 1003 1682 εἰσὶ
1015 1601 1069 1681 καὶ
1083 1609 1138 1682 είλ-

146 1746 213 1813 λοθι
240 1742 411 1842 ἄνθρωποι,
435 1749 470 1813 ίκ
494 1736 607 1824 παιθθς
631 1746 673 1824 εἰς
688 1756 784 1840 γῆρας
806 1745 1069 1840 σεσωφρονηκότες
1087 1771 1142 1815 και

147 1881 205 1953 τὴν
229 1874 327 1971 (πχὴν
350 1865 449 1970 (568)
472 1879 548 1971 πρὸς
574 1874 616 1944 τὰ
637 1877 734 1952 νοητὰ
762 1879 1016 1972 μετεωρίσαντες,
1035 1879 1140 1946 καὶτὸ
1269 1879 1273 1888 ’

147 2019 242 2101 σῶμα
262 2001 414 2076 θονλεύειν
436 2012 515 2101 αὐτῇ
541 2008 597 2075 κεἰν
616 2016 679 2087 τοῖς
698 2013 801 2089 ὕπνοις
819 2009 1056 2096 ἀναπείσαντες,
1072 2007 1142 2096 καὶ,

145 2131 260 2232 πράξει
284 2137 337 2204 καὶ
364 2136 472 2228 θεωρία
496 2136 673 2230 φιλοσοφίας
700 2139 740 2214 εἰς
758 2137 849 2230 ἄκρον
872 2142 1063 2232 ἀφικόμενοι,
1086 2144 1142 2216 τὴν

145 2279 209 2339 τοῦ
227 2267 296 2336 θεοῦ
321 2258 492 2346 δεικνύντες
519 2267 691 2362 συγγένειαν
712 2266 764 2334 καὶ
785 2269 877 2335 αύτθν
897 2271 1033 2361 καθαρῶς
1051 2294 1144 2363 προσ-

147 2403 353 2494 καλούμενοι,
373 2405 492 2493 νεκροθς
508 2391 677 2466 θῖναόιιῒιναι
695 2404 892 2484 πεποιήκασι,
912 2401 1027 2474 ταύτην
1044 2400 1145 2476 ἱκανὴν

151 2527 305 2612 ἀπόδειξιν
333 2543 390 2602 τοῦ
415 2524 572 2628 δόγματος
595 2536 858 2628 προεισφέροντες·
881 2525 969 2602 οὐθὲν
997 2533 1054 2629 γὰρ
1073 2538 1146 2625 παρ’

152 2667 253 2746 αὐτοῖς
273 2657 378 2761 δόγμα
396 2667 484 2758 μέχρι
507 2675 568 2734 τῶν
585 2669 685 2761 λόγων
707 2667 852 2753 ἵσταται,
876 2668 946 2735 αλλ’
972 2667 1032 2736 ἀπὸ
1050 2669 1145 2762 ἔργων

152 2797 232 2877 εθθθς
255 2793 407 2890 λαμόύνει
434 2801 490 2874 τὴν
511 2798 628 2866 πίστιν·
655 2798 707 2866 καὶ
734 2803 826 2866 ότοῦ
848 2799 1004 2891 θαύματος
1031 2801 1141 2878 θεατὴς

153 2930 267 3005 ἀπῆλθε
291 2941 347 2998 τού
372 2921 529 3024 δόγματος
556 2936 611 2999 οὐκ
637 2929 806 3026 ἀμφίόολος
831 2932 993 3026 ἀκροατής.
1019 2929 1081 3000 Καὶ
1104 2937 1138 3000 οὐ

154 3063 243 3154 μῦθος
259 3063 295 3130 τὸ
309 3066 488 3156 λεγόμενον,
502 3055 574 3130 οὐδὲ
587 3062 683 3131 παλαι
699 3063 737 3130 τὸ
753 3064 854 3156 θαύμα
867 3065 1025 3156 γενόμενον
1040 3063 1140 3156 χρόνῳ

154 3183 372 3260 διακόπτεται·
400 3192 479 3262 σἰλλθι
500 3185 582 3261 εἷθον
611 3196 704 3289 ἔγωγε
733 3191 907 3289 πρεσόύτην
932 3181 1029 3284 (570)
1057 3195 1141 3287 μα’λα

153 3325 242 3393 καλὸν
266 3325 379 3393 καὶτὸ
406 3328 477 3394 ὅλον
503 3327 559 3414 θεῷ
584 3329 814 3422 κεχαρισμένον·
837 3327 940 3417 τούτῳ
959 3326 1086 3408 συντίθης
1104 3323 1140 3402 ἦν

153 3457 301 3552 γεωργός,
326 3461 441 3539 ἁπλοῦς
459 3460 533 3555 α’νιθρ
561 3460 611 3528 καὶ
632 3463 695 3541 ἑνὸς
715 3452 878 3554 παιθαρίου
894 3467 1016 3555 πατήρ.
1039 3459 1140 3541 Οὗτος

152 3585 233 3680 μετὰ
253 3599 308 3658 τοῦ
325 3582 437 3670 παιθθς
455 3590 539 3684 θαμθι
558 3590 641 3684 παρὰ
658 3595 712 3659 τόν
730 3587 904 3687 πρεσόύτην
924 3593 1048 3685 ἐφοίτα,
1064 3621 1139 3686 χρη-

151 3721 222 3787 στόν
243 3747 275 3790 τι
292 3725 396 3815 μαθεῖν
410 3723 462 3791 καὶ
479 3731 573 3794 ποιεῖν
591 3725 773 3817 βουλόμενος
792 3713 904 3818 (571),
920 3727 971 3794 καὶ
986 3735 1046 3793 τῶν
1065 3749 1140 3814 καρ-

153 3861 216 3920 πῶν
234 3851 291 3934 τὰς
314 3854 454 3951 ἀπαρχὰς
478 3862 579 3953 ὥσπερ
599 3859 639 3939 είς
662 3859 739 3954 ἱερὸν
758 3863 821 3928 ίκεῑ
840 3851 1001 3949 θιεκόμιζε.
1022 3854 1138 3945 Χρόνος
