2864 4810
250 531 322 614 aaa
569 528 940 609 wnansnonnu
983 599 986 604 ,

252 672 332 730 lectt.
353 668 502 730 Wolfianis
522 671 716 749 comparanti.
738 669 948 749 iuterpretatio
969 668 1058 732 latina
1080 669 1199 748 quidem
1221 681 1251 728 et

251 767 409 849 perspicua
423 778 479 838 est,
494 785 589 846 eoque
601 764 760 826 Barthiana
778 767 872 826 multo
885 755 1007 841 melior,
1022 764 1074 825 sed
1085 766 1193 845 passim
1206 769 1252 826 ni-

251 867 344 926 mium
353 865 447 926 libera
458 877 488 924 et
499 864 600 943 graecis
612 862 710 924 verbis
722 865 874 944 copiosior
885 886 920 925 ac
933 864 1109 944 paraphrasi
1119 865 1253 937 similior,

251 963 382 1044 itemque
398 982 475 1041 saepe
487 963 559 1022 falsa
572 963 635 1022 sive
646 963 686 1023 ob
701 963 919 1023 festinationem
937 963 1120 1043 interpretis,
1138 964 1199 1024 sive
1212 961 1252 1030 ob

252 1059 456 1120 difficultatem
477 1060 673 1141 intelligendi,
697 1062 757 1120 sive
780 1081 818 1120 ex
842 1061 941 1142 aliqua
966 1080 1067 1139 graecae
1089 1062 1196 1141 linguae
1218 1080 1253 1122 ac

251 1177 353 1216 rerum
367 1157 551 1236 maximeque
570 1159 760 1220 historiarum
776 1157 951 1237 ignorantia.
969 1163 1035 1218 lam
1049 1158 1198 1218 Meterius
1210 1158 1255 1218 sio

248 1254 362 1332 judicat
373 1268 465 1313 :cette
476 1258 639 1316 traducticn
653 1259 691 1314 de
704 1260 747 1318 W
746 1255 794 1328 ott⁴
797 1257 870 1315 n’est
880 1277 939 1334 pas
939 1255 1034 1331 fidele
1047 1268 1076 1314 ct
1090 1276 1109 1314 a
1122 1259 1171 1314 e'te
1182 1257 1253 1314 rnt‘se

251 1357 326 1412 dans
339 1357 369 1412 la
383 1357 446 1414 litte
455 1358 509 1412 des
526 1357 610 1412 liores
625 1358 766 1414 censores.
780 1353 934 1411 Morellius
946 1351 1010 1429 (1):
1027 1353 1134 1408 Postea
1139 1353 1254 1426 produit

223 1449 228 1460 '
251 1466 290 1502 ea
301 1447 539 1520 interpretatione
550 1448 597 1502 Jo.
618 1448 664 1504 W
660 1445 725 1518 olfit'
737 1444 794 1518 lig.
808 1443 958 1516 haeretici,
972 1442 1054 1515 eujus
1072 1445 1250 1519 interpreta-

215 1612 217 1617 .
250 1541 324 1598 tioni
331 1561 440 1616 parurn
446 1541 600 1614 fidendum
616 1538 670 1617 (a).
884 1535 886 1538 ’

250 1885 254 1901 ’
285 1883 532 1950 (1)Heeserbanon
539 1882 646 1934 Morellii
656 1899 707 1934 esse
714 1891 789 1951 puto,
800 1897 854 1950 que
861 1882 974 1949 leguntur
982 1883 1009 1934 in
1017 1887 1137 1936 Duceana
1145 1899 1167 1935 a.
1180 1884 1253 1944 1624,

251 1965 376 2034 scdipsius
385 1966 476 2017 Ducei.
487 1965 552 2018 Vide
562 1965 624 2016 inb-a
632 1983 656 2034 p.
668 1967 723 2027 156,
735 1983 756 2016 1.
927 1960 933 1971 ’

255 2115 259 2123 ¹
285 2051 322 2116 (n)
338 2050 408 2101 Tales
426 2048 538 2117 equidem
557 2049 651 2118 J'udices
666 2067 750 2119 parum
768 2065 838 2110 curo,
856 2057 881 2100 at
894 2048 973 2117 ipsum
992 2049 1109 2101 Wolliurn
1131 2048 1254 2100 audiamus

251 2143 327 2187 semet
338 2143 488 2186 aoeusantem
508 2145 532 2186 et
548 2145 699 2186 excusantem
709 2135 745 2208 ,in
755 2134 850 2186 laudata
863 2150 902 2202 ep.
912 2132 942 2184 ad
957 2133 1104 2186 Frobenium
1117 2143 1143 2185 et
1155 2133 1254 2201 Episco-

251 2221 328 2290 pium.
348 2224 403 2274 «Ac
416 2220 521 2290 primum
532 2221 630 2290 quidem
643 2228 744 2290 pascum
754 2219 878 2290 exemplar
888 2236 969 2271 meum
983 2236 1039 2271 cum
1050 2219 1204 2272 translatione
1213 2235 1253 2270 se·

252 2307 298 2360 teri
314 2307 484 2374 (ambrosiana)
505 2307 609 2370 contuli,
629 2324 731 2374 quaeque
748 2307 846 2358 deerant
860 2304 944 2355 addidi
957 2305 1085 2371 :deinceps
1104 2315 1184 2354 autem
1199 2320 1255 2356 cum

252 2393 369 2444 Bmileam
377 2391 510 2451 venissem,
521 2399 611 2455 tuque,
621 2387 748 2454 Episcopi,
764 2404 849 2438 novam
863 2397 886 2436 tc
894 2385 1068 2436 traductionem
1081 2401 1172 2444 meam,
1182 2401 1253 2450 quem

251 2483 358 2524 veterem
373 2472 555 2538 interpolatam,
573 2469 657 2528 malle,
670 2478 695 2518 et
708 2469 770 2518 mihi
785 2478 843 2518 tunc
857 2465 957 2516 dixisses
969 2471 995 2514 et
1010 2464 1123 2532 deinceps
1136 2465 1254 2531 'ligurum

252 2572 347 2608 mrem
358 2553 407 2607 tuis
414 2553 446 2606 ad
460 2570 498 2605 me
511 2551 586 2604 literis
598 2550 766 2618 significasses,
777 2549 849 2600 etiam
858 2548 885 2598 in
892 2565 922 2598 eo
935 2547 1000 2614 ipso,
1012 2557 1038 2598 ut
1054 2563 1085 2599 ne
1100 2548 1146 2600 tibi
1158 2551 1254 2617 roganti

252 2639 372 2700 masam,
388 2652 486 2704 operam
505 2636 576 2697 dedi3
591 2634 663 2701 idque
678 2634 724 2685 feci
741 2649 771 2683 eo
786 2631 915 2693 libentius,
941 2630 1008 2698 quod
1024 2648 1104 2683 rerum
1124 2633 1214 2702 pariter
1227 2644 1254 2686 ct

251 2721 381 2773 verborum
392 2720 452 2772 ordo
461 2735 511 2771 non
523 2719 587 2770 idem
597 2718 623 2770 in
633 2715 869 2776 uamlationeveteri
878 2724 984 2766 serratus
992 2725 1066 2778 esset,
1075 2732 1147 2784 quem
1158 2733 1195 2784 gr.
1205 2718 1251 2770 lib.

253 2821 321 2858 meus
331 2803 444 2866 baberet,
452 2803 566 2872 quodque
575 2802 760 2870 alicubiintegra
769 2800 838 2862 lolia,
849 2799 938 2852 alicubi
946 2799 1015 2852 multi
1027 2804 1122 2862 rersu's.
1130 2802 1253 2856 interdum

133 2881 138 2894 ⁸
253 2889 326 2940 verbs
338 2887 447 2956 quadam
460 2888 577 2938 deoeoent.
592 2889 672 2952 Quam
684 2901 724 2935 me
732 2901 813 2936 rerum
825 2884 990 2936 confusionem
1002 2883 1125 2951 digerente
1137 2886 1254 2940 desidera·

254 2983 326 3038 taque
340 2970 414 3021 verba
429 2977 502 3038 atque
516 2969 574 3021 lolia
590 2967 620 3018 ad
636 2967 818 3020 restaurandum
830 2977 856 3019 et
871 2967 1022 3035 implendum
1042 2966 1122 3035 ipsum
1136 2985 1198 3038 opus
1215 2969 1257 3021 ad·

203 3041 210 3054 ’
255 3053 389 3115 scribente,
403 3067 435 3104 ne
450 3051 504 3121 quis
516 3067 583 3103 suam
603 3050 678 3102 reteri
690 3050 816 3118 interpreti
829 3051 1010 3104 mnscrsionem
1022 3051 1157 3104 reltcmera
1178 3061 1257 3104 muta·

255 3147 318 3200 tam,
332 3137 371 3188 val
377 3136 449 3188 rebus
463 3134 558 3204 abjipso
572 3134 679 3186 consulto
693 3133 857 3202 pretermissis
870 3143 962 3190 auctam
977 3137 1016 3187 rel
1026 3137 1098 3188 etiam
1106 3134 1261 3204 depravatam

256 3229 406 3288 quareretur,
429 3231 507 3271 vestro
524 3221 625 3271 consilio
644 3218 732 3270 iactum
748 3227 797 3282 cst,
819 3229 847 3270 ut
863 3235 906 3270 sua
921 3220 957 3271 illi
976 3221 1040 3274 salsa
1057 3220 1171 3273 sumserit
1188 3227 1213 3269 et
1230 3213 1276 3288 sd

256 3319 339 3358 metm
354 3319 456 3369 mum
474 3302 596 3370 exemplar
608 3301 669 3354 lacta
684 3301 810 3354 conterno
824 3317 887 3354 nom
899 3302 1024 3356 habeatur.
1046 3309 1075 3354 ln
1088 3318 1137 3370 qua
1153 3300 1262 3370 prolecto

258 3385 337 3438 lsteor
352 3401 405 3447 me,
419 3395 444 3438 ot
464 3385 579 3454 tsuporis
593 3384 701 3454 mprstia
716 3393 741 3436 et
757 3385 860 3452 negotiis
878 3384 981 3438 subinde
1005 3385 1074 3438 notis
1093 3383 1264 3452 ingmetttibus

257 3469 418 3538 impeditum,
434 3479 613 3538 nonrquantum
625 3468 691 3520 solui
705 3478 869 3537 quantumque
884 3469 989 3524 fortassis
1004 3471 1085 3524 animo
1097 3468 1172 3538 magis
1185 3484 1263 3520 meuc

261 3543 285 3604 et
301 3569 315 3603 a
334 3554 437 3621 negotiis
459 3553 572 3606 liberiore
591 3552 736 3622 potuim,
755 3540 909 3628 praestitisset
929 3554 1005 3606 ausim
1025 3563 1108 3606 tamen
1128 3553 1175 3604 hoc
1193 3551 1263 3603 robis

260 3636 380 3707 polliceri,
401 3637 468 3689 hunc
484 3639 535 3705 jam
553 3637 658 3700 librum,
679 3635 700 3687 si
716 3651 767 3688 non
783 3637 954 3705 elegantiorem
969 3647 994 3690 ct
1009 3638 1153 3698 faciliorem,
1178 3635 1262 3687 saltem

261 3721 396 3794 pleniorem
412 3731 437 3773 et
455 3721 623 3790 perfectiorem
637 3721 734 3774 lactum.
750 3724 812 3774 Nam
827 3724 858 3774 de
872 3740 925 3775 mea
944 3723 1100 3775 conversione
1114 3720 1177 3773 nibil
1193 3720 1262 3788 quic-

263 3823 336 3876 quam
350 3806 444 3868 dicam
456 3805 555 3858 nisime
569 3805 701 3867 studuisse,
716 3815 744 3857 ut
756 3806 821 3858 bons
834 3807 883 3858 lide
897 3823 973 3874 gnara
990 3805 1114 3856 redderem
1130 3803 1209 3854 latinis
1222 3817 1262 3854 ss-

264 3907 313 3959 qne
327 3890 448 3943 interdum
465 3889 537 3944 etism
551 3887 652 3942 lacerem
665 3889 780 3958 planiora.
794 3890 866 3956 Quod
879 3877 900 3940 si
916 3896 1056 3942 consecutus
1069 3903 1138 3946 sum,
1149 3900 1200 3935 non
1216 3884 1271 3940 du·.

264 3975 331 4026 bium
348 3985 397 4036 est,
413 3974 472 4041 quin
487 3974 585 4043 optimis
599 3974 735 4043 quibusque
753 3976 910 4041 gratissimum
929 3973 1025 4024 fecerim
1036 3987 1042 4023 ε
1054 3972 1091 4022 sin
1107 3969 1203 4040 aliquod
1220 3987 1262 4021 seu
