2818 4814
525 480 554 544 ο
581 447 797 545 muoz.
1126 479 1165 544 οι

178 641 198 709 ἦ
218 633 281 702 θεία
300 631 404 728 τριὰς,
423 637 457 702 οθ
472 634 508 701 τὸ
530 637 644 726 μᾶλλον
665 629 716 700 καὶ
730 629 823 706 ἦττον
849 623 1045 726 ἐπιδεχομόνη
1067 619 1169 724 (οὐσία

177 765 238 862 γὰρ
268 755 359 859 μία),
386 766 438 833 καὶ
465 765 522 846 τὰς
554 758 657 862 νοερᾶς
687 761 789 842 οὐσίας
814 765 874 857 πρὸ
900 773 957 834 τοῦ
979 765 1086 858 χρόνον
1116 793 1173 835 πε·

179 898 286 974 ποίηιιε
307 898 360 967 καὶ
380 901 562 968 συνέταττεν
584 884 696 990 (434)·
717 889 865 972 ηόοόλετο
883 893 941 993 γάρ
964 899 1045 995 ἔχειν
1064 898 1114 978 οθς
1135 893 1171 966 διν

178 1030 211 1100 εὖ
229 1041 303 1125 ποιῇ
325 1015 431 1124 (435).
449 1028 507 1100 Διὰ
524 1039 618 1099 τοῦτο
636 1027 691 1109 τὰς
713 1024 776 1096 οἶνοι
791 1019 930 1120 δυνάμεις
948 1026 1172 1124 προόαλλεται,

179 1173 234 1231 τοῦ
253 1163 368 1256 ἀγαθοῦ
392 1162 444 1229 καὶ
470 1173 525 1240 τῆς
543 1166 666 1255 πρώτης
686 1159 852 1256 εὐεργεσίας
874 1160 977 1239 ἱκανὰς
995 1163 1172 1230 ἀπολαύειν·

180 1293 287 1388 ἀγαθῷ
307 1289 365 1387 γὰρ
384 1285 484 1372 οὐδεὶς
501 1291 569 1383 περὶ
588 1283 708 1372 οὐδενὸς
730 1292 848 1386 φθόνος.
869 1295 979 1369 Οὕτως
998 1295 1051 1358 οὐκ
1073 1291 1102 1358 ἐν
1122 1291 1173 1384 ἀρ-

177 1424 232 1521 γίᾳ
250 1421 308 1518 πρό
323 1431 384 1491 τῶν
406 1423 553 1497 αἰσθητῶν
573 1414 727 1517 διέμεινεν.
749 1423 885 1517 Οὐρανὸν
903 1415 938 1490 δὲ
955 1423 1020 1490 ὅθεν
1036 1427 1052 1488 ό
1067 1421 1175 1514 χρόνος

180 1551 310 1652 ι’ίρχεται
325 1543 437 1650 (436),
452 1555 504 1623 καὶ
515 1563 588 1650 γῆν,
605 1555 678 1648 οἱέρα
692 1579 726 1622 τε
740 1553 794 1621 καὶ
812 1553 972 1622 θάλατταν
987 1544 1081 1648 (437)
1094 1549 1174 1646 μετὰ

179 1686 222 1755 τὰ
239 1699 349 1781 πρῶτα
366 1678 555 1782 δημιουργεῖ·
582 1657 692 1753 ἄλλοτε
710 1681 768 1782 γάρ
795 1681 870 1753 ἄλλο
887 1691 958 1754 κατ’
976 1677 1109 1762 ἐξουσίαν
1131 1688 1174 1780 ἐρ-

177 1814 325 1915 γάζεται,
342 1819 387 1887 άεὶ
407 1811 443 1886 δὲ
460 1813 618 1914 ἐργάζεται
632 1817 723 1897 αὐτὸς
734 1869 743 1904 ,
756 1815 809 1885 καὶ
826 1821 881 1894 την
901 1825 974 1894 ὕλην
991 1827 1118 1913 χορηγεῖ
1128 1828 1174 1911 τῷ

177 1953 289 2039 παντὶ,
309 1952 411 2047 ἐγείρει
430 1951 531 2020 τεκαὶ
547 1940 642 2046 (438)
655 1945 834 2046 συναρμόζει
849 1952 901 2019 καὶ
916 1955 1024 2022 τάττει
1043 1955 1096 2023 καὶ
1112 1947 1174 2024 δια-

176 2089 304 2176 κοσμεῖ·
324 2087 358 2149 οὖ
376 2081 434 2176 γὰρ
452 2080 618 2175 ἀγένητος,
642 2075 713 2148 οὐδὲ
737 2079 867 2172 ἄναρχος
890 2089 996 2160 ἡῦλη.
1017 2088 1120 2155 Τοῦτό
1139 2112 1173 2154 σε

181 2213 234 2280 καὶ
253 2205 407 2278 Χαλδαῖοι
431 2201 613 2277 διδάσκουσι
633 2210 684 2275 καὶ
702 2216 718 2276 ὁ
739 2209 920 2302 Πορρόριος.
947 2199 1119 2307 Ἐπιγράφει
1138 2204 1174 2282 δέ

178 2343 314 2413 καθόλου
329 2343 363 2410 τὸ
386 2337 505 2427 βιόλίον
524 2339 539 2409 θ
559 2341 598 2420 εἰς
618 2344 709 2434 μέσον
723 2341 850 2436 προάγει
868 2351 930 2409 τῶν
948 2336 1115 2415 Χαλδαίων
1133 2345 1175 2416 τδι

174 2475 282 2570 λόγια,
304 2477 334 2542 έν
354 2470 397 2553 οἷς
415 2474 568 2568 γεγονέναι
586 2475 642 2547 τὴν
662 2475 734 2548 θλην
755 2465 936 2566 ἰσχυρίζεται
960 2463 1066 2567 (439).
1093 2475 1172 2563 Καὶ,

179 2609 215 2675 τθ
235 2605 397 2674 Πλωτίνου
423 2597 583 2701 διανοίγων
605 2601 723 2692 βιόλίον
745 2633 758 2658 ν
773 2587 850 2673 ὅθεν
868 2602 910 2673 τοὶ
927 2607 1009 2674 κακά
1029 2595 1124 2699 (440)
1136 2639 1172 2697 ν,

178 2739 253 2832 φησί
265 2766 324 2807 που
342 2743 439 2834 λέγων
456 2740 602 2834 ἀγένητον
621 2731 659 2813 δη
681 2735 757 2807 εἶναι
776 2734 831 2813 τὴν
850 2741 940 2827 ὕλην,
955 2739 1055 2809 καὶτὸ
1076 2745 1105 2808 έν
1122 2743 1172 2837 ἀρ-

179 2878 248 2965 χαῖς
270 2873 384 2940 τιθέναι
410 2877 450 2950 ὡς
477 2868 562 2938 άθεον
586 2862 689 2966 δόγμα
718 2873 934 2964 παραιτητέον.
959 2865 997 2940 Εἰ
1022 2874 1122 2941 τοίνυν
1151 2879 1170 2950 ἡ

180 3007 236 3076 θλη
256 3006 367 3097 γενητή
387 3003 438 3070 καὶ
461 3005 516 3070 οὐκ
534 3003 632 3096 ἀρχὴ,
656 3001 723 3068 ἀλλ’
744 3003 892 3094 ἔσχατος,
917 3009 982 3082 πῶς
999 3007 1015 3071 ό
1033 2994 1173 3085 αἰσθητὸς

182 3134 298 3227 κόσμος
314 3135 468 3228 ἀγένητος,
485 3133 503 3204 θ
524 3131 659 3230 ἄναρχος
672 3133 690 3208 θ
708 3131 766 3228 πρό
783 3144 838 3201 τοῦ
851 3135 980 3228 χρόνου,
995 3139 1027 3201 οὐ
1042 3135 1100 3231 γὰρ
1114 3139 1173 3230 πρὸ

184 3277 239 3347 τῆς
260 3237 333 3346 ὕλης
353 3265 390 3336 τὸ
408 3270 442 3334 ἐκ
460 3277 513 3346 τῆς
533 3265 605 3347 θλης
624 3266 745 3360 ποίημα
767 3254 877 3359 (441).
897 3267 998 3347 Αθτθς
1017 3257 1052 3336 δὲ
1068 3255 1141 3363 η’μῖν
1157 3253 1177 3340 ό

185 3397 319 3466 Πλάτων
347 3400 496 3492 μέμνησαι
513 3397 571 3494 γὰρ
599 3402 627 3466 έν
645 3397 766 3492 Τιμαίῳ
787 3407 852 3478 πῶς
874 3389 960 3467 οὐδὲν
981 3393 1175 3497 σχηματιζό-

184 3555 275 3624 μενος
294 3529 514 3624 ἀποφαίνεται,
541 3527 688 3627 πρότερον
717 3537 836 3625 ἐρωτῶν
862 3533 989 3628 πότερον
1018 3538 1138 3631 γέγονεν
1159 3514 1179 3602 ό

184 3663 300 3756 κόσμος
323 3663 342 3739 ἢ
365 3666 398 3732 οὐ
416 3667 536 3760 γέγονεν
560 3651 672 3757 (442)·
699 3657 785 3740 εἷθή
808 3665 891 3733 αἰτία
909 3669 1175 3763 προσγέγραπται·

186 3797 298 3889 ὁρατός
316 3822 350 3863 τε
367 3796 426 3892 γάρ
443 3803 523 3867 ἐστιν
541 3797 638 3877 ἁπτός
659 3799 693 3865 τέ
710 3801 775 3866 ἐστι
794 3787 899 3892 (443).
919 3803 981 3866 Τοῦ
999 3801 1123 3890 οὐρανοῦ
1141 3797 1178 3865 τὸ

189 3930 391 4020 χαριέστατον
416 3930 606 4022 οἱ”σἰστέρες·
626 3929 694 3996 ἀλλ’
718 3925 800 4020 ὅμως
827 3931 878 3996 καὶ
901 3929 983 3997 οὗτοι
1001 3892 1177 4022 γεγόνασιν·

1014 4069 1046 4140 4.
