2818 4814
509 477 537 541 0
564 475 776 544 ΓΑΖΑΙΟΣ.
1089 479 1133 550 ἀό
1218 423 1220 434 Ι

149 657 202 706 την
218 627 290 698 εἶναι
309 627 474 698 πείθεσθαι·
495 627 651 700 ἀνοάαίνει
670 631 727 726 γὰρ
753 633 840 726 μέχρι
864 644 917 712 τῆς
936 638 1060 727 πρώτης
1079 639 1132 730 ἀρ-

148 775 219 856 χῆς,
249 769 349 856 ὥσπερ
378 765 497 832 ἐκεῖνον
522 756 665 856 οὐδεμίαν
694 757 729 831 δὲ
749 771 876 858 λογικὴν
897 767 999 835 οὐσίαν
1021 767 1132 846 θνητὴν

148 898 301 971 πεποίηκε.
331 897 403 973 Πῶς
428 893 497 980 οὖν,
525 901 581 972 τήν
611 899 759 990 ἡμετέραν
791 894 889 989 ψυχὴν
920 891 1131 994 δημιουργῶν,

149 1026 196 1094 τὸν
215 1033 326 1096 ἑαυτοῦ
343 1023 503 1120 παρέὸαονο
517 1029 624 1120 νόμους
643 1030 679 1104 ἢν
695 1031 728 1095 ίκ
747 1029 801 1120 μὲν
819 1039 875 1106 τῆς
888 1020 967 1110 ἰδίας
978 1031 1079 1110 οὐσίας
1096 1037 1131 1100 οὐ

149 1161 327 1244 πεποίηκεν,
344 1158 448 1250 ὁμοίαν
465 1151 499 1225 δὲ
516 1158 567 1226 καὶ
584 1158 644 1227 οἷον
663 1161 777 1246 εἰκόνα,
791 1159 842 1227 καὶ
858 1171 895 1254 τῇ
909 1163 1069 1255 φιλοσοφίᾳ
1083 1177 1129 1252 τῷ

153 1291 210 1377 θεῷ
226 1285 463 1383 προσεικάζεσθαε
482 1278 590 1382 (39η).
610 1293 653 1360 Τὸ
672 1284 706 1358 δὲ
725 1303 770 1378 τῷ
788 1292 930 1376 ἀθανάτῳ
948 1293 1131 1385 προσόμοιον

26 1443 55 1517 ,,“
153 1422 201 1488 καὶ
224 1421 371 1490 ἀθοίνατον
398 1412 512 1515 (393)·
538 1425 574 1490 τὸ
603 1421 661 1518 γάρ
690 1425 797 1497 θνητὸν
828 1435 874 1512 τῷ
904 1424 1048 1512 ἀθανάτῳ
1075 1429 1132 1516 οὐχ

27 1567 31 1577 “
148 1554 262 1643 ὅμοιον,
293 1553 361 1619 αλλ’
393 1555 534 1622 ἐναντίον.
568 1555 609 1623 Σὺ
640 1547 690 1639 δὲ,
725 1559 740 1622 θ
769 1555 823 1622 τὸν
849 1554 1006 1622 Πλοίτωνα
1032 1582 1130 1623 κατα-

148 1689 219 1752 πιὼν
242 1673 358 1777 (394),
386 1691 483 1780 λέγεις
504 1691 563 1755 ποῖν
592 1687 749 1779 γενόμενον
778 1675 874 1778 (395)
903 1686 1026 1766 ποίντως
1053 1683 1128 1754 εἶναι

147 1820 251 1894 θνητὸν
267 1820 318 1886 καὶ
335 1819 500 1914 ρθείροσθαο
517 1820 569 1886 καὶ
584 1812 757 1887 διαλίεσθαι
777 1808 881 1912 (396).
905 1811 1074 1915 Ᾰναμννίσω
1092 1813 1129 1888 δί

145 1977 176 2019 σε
193 1953 325 2046 Τιμαίου
344 1953 396 2020 καὶ
419 1963 474 2032 τῆς
503 1963 558 2021 τοῦ
588 1943 770 2047 δημιουργοῦ
797 1946 1000 2048 δημηγορίας,
1028 1955 1063 2032 ἧς
1088 1957 1127 2022 τὸ

144 2082 314 2177 προοίμιον,
327 2091 367 2164 ὡς
382 2089 441 2178 ἐγὼ
459 2086 628 2175 μέμνημαι·
646 2112 659 2136 ε
671 2084 731 2150 θεοὶ
746 2086 835 2170 θεῶν,
847 2084 887 2152 ὧν
904 2089 963 2180 ἐγὼ
976 2091 1078 2179 πατνίρ
1095 2111 1127 2153 τε

143 2242 156 2266 «
169 2215 222 2280 καὶ
241 2207 438 2306 δημιουργὸς,
457 2214 600 2281 ἀθοίναιοι
619 2215 672 2304 μὲν
690 2213 820 2304 πάμπαν
840 2217 893 2280 οὐκ
908 2216 991 2299 ἐστὲ,
1008 2216 1127 2308 ἐπείπερ

141 2349 312 2440 «ἐγένεσθε
332 2346 419 2414 οὔτί
441 2373 475 2441 γε
502 2349 560 2439 μὴν
578 2343 758 2430 λοθιίσεσθε,
785 2355 840 2423 τῆς
867 2349 939 2436 ἐμῆς
959 2349 1129 2430 βουλήσεως

139 2479 337 2572 «κρείττονος
354 2479 491 2578 ’θανοίτου
520 2480 669 2572 λαχόντες
698 2467 830 2570 (397)».
863 2466 1029 2570 Ᾰμρθτεροι
1058 2487 1128 2570 γοῦν

138 2613 207 2705 ἀμα
228 2609 348 2700 συνάγοι
366 2613 417 2676 καὶ
434 2615 613 2685 πεποιῆσθαι
630 2613 681 2678 καὶ
698 2615 739 2703 μὴ
757 2604 933 2698 διαλύεσθαι
954 2597 1063 2702 (398),
1077 2612 1128 2677 καὶ

139 2741 278 2837 γενέσθαι
310 2739 361 2808 καὶ
393 2749 448 2807 τοῦ
467 2726 606 2809 θανάτου
633 2743 790 2836 κρείττους
817 2743 962 2837 γίνεσθαι.
991 2745 1126 2816 Τοιαύτη

142 2873 290 2968 προῆλθεν
308 2879 327 2947 η
348 2881 405 2940 τοῦ
422 2871 578 2965 ἀνθρώπου
605 2870 702 2964 ψυχὴ,
720 2873 810 2941 οὐσία
826 2877 936 2966 λογικθι
961 2873 1128 2952 ἀεικίνητος

144 3003 196 3070 καὶ
222 2981 426 3082 αθτεξοόσιος,
447 2997 524 3081 ζωὴν
548 2994 579 3079 ἐξ
607 3006 699 3080 αὐτῆς
718 3003 831 3094 ἔχουσα
850 2991 946 3092 (399)
964 3003 1014 3069 καὶ
1032 3007 1127 3096 ἀργα-

85 3173 89 3180 ·
144 3145 215 3222 νικῷ
231 3139 353 3228 σώματι
370 3141 509 3229 χορηγεῖν
529 3126 701 3225 δυναμένη·
726 3128 746 3198 ἃ
772 3131 875 3204 θνητὸν
897 3123 983 3197 οὐδὲν
1002 3133 1128 3224 ἔλαχεν,
1227 3189 1231 3198 .

146 3268 222 3336 ἀλλὰ
245 3269 350 3336 ποίντα
371 3279 473 3336 ταῦτα
499 3275 554 3345 τῆς
574 3263 738 3342 ἀθανασίας
761 3268 896 3355 ἀτεχνῶς
918 3262 1125 3356 γνωρίσματα.

146 3402 207 3469 Καὶ
219 3402 386 3494 θαομοίσαις
404 3398 438 3468 ἃν
452 3405 506 3476 τὴν
522 3392 606 3467 ἔνδον
625 3407 680 3476 τῆς
696 3395 793 3490 ψυχῆς
806 3388 936 3488 δύναμιν
956 3383 1052 3488 (2400)
1065 3397 1127 3466 ἀπὸ

146 3547 197 3616 τῆς
211 3535 361 3615 ποικιλίας
380 3547 441 3602 τῶν
457 3527 513 3610 ἔξω
528 3516 622 3626 (401)
645 3529 843 3621 καταμαθών·
859 3531 944 3594 πάσα
958 3525 1016 3620 γάρ
1034 3531 1126 3621 τίχνη

146 3669 192 3736 καὶ
210 3671 362 3761 ε’πιστημη
380 3667 431 3735 καὶ
450 3661 556 3761 πράξις
578 3665 629 3732 καὶ
651 3662 757 3754 θεωρία
776 3662 883 3740 ἱκανῶς
902 3661 939 3727 τὸ
959 3671 1013 3739 τῆς
1028 3658 1127 3752 ψυχῆς

145 3803 292 3894 ἑρμηνεύει
306 3801 453 3868 ἀθάνατον
472 3786 577 3891 (402).
596 3784 625 3865 0
642 3795 699 3892 γὰρ
718 3796 754 3863 τὸ
773 3789 845 3862 εἶναι
866 3785 936 3871 δοὺς
956 3794 1008 3858 οιαὶ
1026 3792 1064 3856 τὸ
1081 3786 1129 3854 ἀεὶ

143 3932 199 4013 τὰς
221 3937 368 4038 ἡμερίρας
393 3929 491 4026 ψυχὰς
518 3927 591 3998 εἶναι
614 3922 709 4023 δῶρον
732 3931 877 4021 παρέσχε·
898 3923 1002 3991 καὶτὸ
1029 3912 1124 4012 δῶρον
