2818 4814
521 438 550 501 Ο
578 433 797 504 ΓΑΖΑΙΟΣ.
1115 439 1158 504 63

172 598 217 664 ἐτι
234 595 420 686 θαυμοίσαιμι
436 593 462 660 εἰ
481 595 553 661 όλον
572 604 629 662 τοῦ
646 593 803 685 ἀνθρώπου
822 593 860 659 τέ
879 602 987 686 σῶμα,
1000 599 1062 672 τοῖς
1081 617 1162 661 στοι-

171 730 260 820 χείοις
277 729 491 820 ιιατασιιαρὲν,
507 731 542 794 οὐ
561 727 673 811 πλέον,
691 725 757 792 αλλ’
776 727 852 793 αὐτὸ
876 726 913 792 τὸ
931 727 1063 819 μέτρον,
1082 727 1161 794 ἀπέ-

172 852 279 932 δωκεν.
298 853 391 929 Εἶδον
407 862 501 955 ἐγωγε
518 861 634 933 πολλόν
652 883 687 924 τε
705 858 755 924 καὶ
771 855 867 931 -καλην
883 859 1043 952 ἀμφιλαφῆ
1061 860 1163 928 τεκαὶ

170 996 292 1061 σόσιιιον
318 991 474 1086 ἀμπελον,
498 995 517 1068 ἢ
537 995 593 1066 τὴν
615 993 689 1081 ἐμὴν
711 987 806 1058 οἰκίαν
831 981 1004 1083 διεκόσμει,
1029 996 1087 1085 οὐχ
1101 993 1163 1062 ὑπὸ
1211 1059 1214 1066 ⁴

171 1135 308 1219 γεωργοῦ
326 1125 571 1216 πεφυτευμένην,
585 1113 652 1188 οὐδ’
667 1125 726 1189 ὑπὸ
742 1123 964 1213 βλαστηματος
977 1123 1164 1217 ἀνατεθραμᾐ
1205 1209 1209 1218 ι

174 1259 268 1347 μένην
287 1243 400 1348 (509)·
421 1252 501 1322 ἀλλὰ
519 1253 664 1349 γίγαρτον
684 1253 864 1322 κατασατέν
879 1255 952 1327 ὁλην
970 1256 1162 1348 ἐχορήγησεν.

173 1389 244 1453 Ποῦ
256 1383 356 1452 τοίνυν
370 1387 407 1453 τὸ
420 1385 564 1477 στέλεχος
573 1387 755 1478 ἀκρότατος
767 1395 828 1452 τοῦ
841 1376 876 1451 δέ
892 1381 934 1451 τά
944 1383 1037 1480 μυρίοι
1049 1387 1166 1477 φυλλα;

70 1583 75 1592 ,
172 1507 242 1584 ἐδέ
259 1513 371 1611 καρπός
384 1525 445 1585 ποῦ
458 1507 666 1601 διελόνθανεν;
684 1517 725 1582 Οἱ
739 1507 774 1584 δέ
792 1523 932 1611 γεωργεῖν
949 1508 1058 1602 δεινοὶ,
1073 1528 1163 1585 σῦκον

174 1641 299 1741 σχαινίιό
311 1645 554 1742 προστρίψαντες
569 1647 621 1715 ιιαὶ
635 1637 849 1742 κεγχραμίδων
865 1649 1098 1740 ἐμπλήσαντες,
1111 1675 1165 1716 κα-

173 1780 311 1872 τέχωσαν
327 1783 363 1847 τὸ
378 1779 524 1871 σχοινίον·
542 1781 656 1874 βραχὺς
675 1779 799 1874 χρόνος,
818 1778 869 1846 καὶ
884 1781 959 1871 πρὸς
975 1779 1084 1873 μέτρον
1102 1769 1164 1848 τῶν

173 1903 385 2006 κεγχροεμίδων
403 1919 495 1980 συκαῖ
506 1910 586 1979 κατὰ
605 1910 711 2004 στίχον
730 1909 862 2004 κείμεναι
881 1902 1083 2002 διεφάνησαν·
1097 1913 1167 1980 καί·

175 2067 225 2108 τοι
256 2041 359 2132 μικρόν
389 2067 420 2108 τι
442 2041 495 2108 καὶ
525 2039 638 2132 ἀτομον
664 2043 716 2108 οιαὶ
743 2037 802 2108 οἷον
830 2051 952 2133 σημεῖον
983 2050 1003 2117 η
1033 2069 1167 2139 κεγχρα-

178 2171 228 2264 μίς
250 2159 363 2262 (5ιο)·
390 2171 457 2236 ἀλλ’
481 2173 563 2261 ὅμως
587 2163 847 2264 προδιαφθαρεῒσα
867 2174 905 2238 τέ
934 2175 1013 2265 μέγα
1041 2167 1166 2268 δένδρον

181 2295 293 2371 ὠδίνει.
318 2302 381 2369 Καὶ
407 2302 442 2370 τὸ
464 2295 590 2396 δένδρον
613 2308 630 2369 ό
654 2296 751 2394 φοῖνιξ
777 2301 818 2381 είς
841 2301 914 2395 ἀέρα
941 2299 1168 2397 μετεωρίζεται·

178 2436 247 2503 ἀλλ’
265 2437 370 2501 ὀστέον
394 2435 585 2532 ἀπεσκληκές
612 2445 669 2512 τῆς
687 2436 831 2529 γενέσεως
854 2442 872 2509 η
900 2435 1065 2526 πρόφασις.
1091 2422 1170 2508 ἐστι

177 2559 213 2634 δέ
237 2567 289 2634 καὶ
307 2563 476 2660 ἀνθρωπεία
499 2569 608 2660 τέχνη,
629 2565 665 2646 ἧς
690 2565 741 2634 καὶ
758 2567 908 2660 πρότερον
924 2569 1167 2661 ἐμνησθημεν,ἢ

172 2699 320 2792 ’μελίσσας
343 2693 512 2794 ἐργάζεται.
542 2705 615 2777 Πῶς
645 2695 695 2766 οὖν
723 2691 882 2794 ἐργάζεται
912 2687 1023 2792 (511)3
1050 2707 1168 2796 Ταῦρον
1208 2769 1212 2776 ,

179 2832 334 2909 ἀνελόντες
359 2831 386 2897 οἱ
409 2842 470 2922 τῶν
496 2839 644 2923 μελισσῶν
671 2831 813 2924 ἐρασταὶ,
840 2832 891 2898 καὶ
918 2833 1021 2924 νεκρὸν
1042 2837 1072 2900 ἐν
1097 2835 1170 2925 οἴκῳ

179 2965 417 3054 καταχώσαντες
442 2962 570 3055 μετρίως
594 2961 646 3030 καὶ
668 2963 899 3056 συγκλείσαντες
925 2959 1078 3056 ἀκριόῶς,
1100 2973 1171 3036 ἐῶσι

181 3085 401 3187 διαφθείρεσθαι
431 3094 482 3162 οιαὶ
501 3089 750 3171 ιιατασηττεσθοιι·Ι
771 3093 843 3176 καὶ,
871 3094 907 3160 τὸ
936 3087 1130 3187 παράδοξον,
1151 3107 1170 3175 ἡ

180 3236 237 3294 τοῦ
255 3227 319 3302 ἐνὸς
334 3223 480 3318 ἀναίρεσις
501 3226 552 3292 καὶ
565 3222 666 3319 ’φθορέέ
685 3223 796 3317 μυρίων
821 3230 970 3316 μελισσῶν
991 3227 1102 3320 γένεσις
1121 3229 1172 3297 καὶ

183 3347 242 3434 ζωὴ
259 3355 310 3424 οιαὶ
324 3357 388 3440 βίος
403 3357 533 3450 ἐγένετο.
551 3357 613 3424 Καὶ
629 3357 665 3424 τὸ
678 3356 777 3451 ὄρνεον
794 3361 812 3423 ό
826 3350 922 3449 φοῖνιξ
933 3357 977 3436 εἰς
985 3363 1172 3429 πεντακόσια

180 3489 237 3563 ἐτη
263 3486 527 3584 βιῶναιλέγεται·
554 3493 740 3599 τελευτήσας
767 3482 801 3556 δὲ
826 3489 976 3570 καὶὸλως
1002 3485 1171 3588 διαχυθεὶς,

139 3679 144 3682 .
183 3619 264 3702 αὖθις
280 3619 434 3692 ἀνεόίωσε.
460 3622 523 3690 Καὶ
543 3626 655 3716 ἐπιρρεῖ
668 3624 783 3700 πλῆθος
802 3610 897 3715 (512)
911 3615 993 3702 ζώων
1009 3631 1043 3694 ἐκ
1062 3629 1172 3718 φθορᾶς

182 3756 339 3847 λαχόντων
359 3759 413 3832 την
429 3757 551 3852 γένεσιν.
573 3744 662 3824 Ᾰλλέι
685 3757 801 3824 τούτων
821 3756 874 3848 μὲν
893 3749 982 3824 οὐδὲν
999 3764 1015 3823 ὁ
1030 3756 1173 3850 ΙΘεόφρα-

185 3913 252 3968 στος
280 3883 438 3982 θαυμάζει·
463 3891 487 3956 εἰ
517 3882 546 3956 δ’
571 3875 704 3974 ἀναόιῴη
735 3899 791 3955 τοῦ
819 3875 975 3979 ἀνθρώπου
1005 3889 1041 3955 τὸ
1063 3877 1176 3984 σῶμα,
