2818 4814
262 472 303 548 64
648 465 852 536 ΔΙΝΕΙΑΣ

262 631 356 690 τοῦτο
370 619 540 724 τεθαόμαιιε
554 619 605 688 ιιαὶ
625 619 762 704 ἀπιστεῖς
773 626 795 686 ό
812 619 881 698 τοὺς
897 622 1063 713 προγόνους
1080 609 1248 704 Ᾰθηναίους

262 750 447 842 αὐτόχθονας
472 738 566 844 (513)
587 745 659 817 εἶναι
677 749 860 842 πειθόμενος.
887 749 951 818 Καὶ
969 753 1168 842 μὴν-ταύτην
1191 759 1247 829 την

184 875 186 880 “
261 883 404 952 ἀπιστίαν
425 869 520 976 (514)
537 885 708 976 προανελὼν
726 889 741 950 ὁ
763 875 944 978 δημιουργὸς
958 895 1097 952 τοσαῦτα
1110 887 1248 978 θεάματα

259 1020 459 1110 παραπλήσια
478 1007 620 1102 δίδωσιν,
646 1021 684 1093 ὡς
709 1009 745 1080 διν
768 1007 846 1106 μηδὲ
865 1020 956 1084 ἐκεῖνο
979 987 1099 1110 ὕστδρον
1118 1015 1246 1086 άπιστον

259 1148 382 1239 όρθείη,
399 1147 450 1216 καὶ
468 1152 524 1223 τήν
539 1157 594 1244 γῆν
610 1143 724 1243 ἐξάγειν
739 1150 849 1215 κελεύει
862 1147 963 1217 πολλὰ
981 1149 1033 1241 μὲν
1048 1143 1130 1236 ζῶα,
1145 1149 1247 1220 πολλὰ

261 1274 295 1348 δὲ
309 1278 405 1374 φυτά,
422 1282 514 1376 Ιμυρία
530 1274 565 1349 δὲ
583 1284 763 1376 σπέρματα,
785 1275 1002 1377 προγυμνάζων
1021 1282 1061 1361 είς
1080 1283 1189 1368 τόκον,
1209 1292 1247 1364 ὡς

260 1409 295 1480 ἀν
321 1416 360 1504 μή
388 1414 489 1480 καινὸν
509 1401 603 1504 (515)
630 1417 708 1506 αὐτῇ
739 1403 811 1506 δόξῃ
841 1413 878 1480 τὸ
905 1412 1103 1508 πρόσταγμα.
1123 1413 1162 1482 Εἰ
1187 1414 1245 1509 γὰρ

261 1539 362 1623 ζῶντα
392 1547 523 1636 σώματα
550 1544 603 1611 καὶ
628 1543 750 1637 ἔμψυχα
775 1537 921 1634 δίδωσιν,
948 1551 1003 1614 οὐκ
1030 1541 1068 1620 ἀν,
1092 1548 1138 1614 ἔτι
1165 1541 1247 1625 ξένον

259 1675 360 1772 ὀρθείη
377 1675 456 1746 αὐτὰ
471 1676 549 1767 μόνα
564 1687 625 1746 τῶν
645 1679 807 1771 ἀνθρώπων
823 1671 1007 1748 ἀποδιδόναι
1021 1677 1063 1748 τὰ
1081 1683 1220 1774 σώματα.

650 1821 857 1868 &mmmmm

313 1919 405 2007 δοσιν
421 1939 442 2014 τί
456 1938 575 2018 πείθεις.
589 1929 665 2007 Ᾰλλ’
680 1941 704 2006 εἰ
720 1942 774 2033 μὲν
789 1942 826 2008 τὸ
842 1951 932 2034 σῶμα
944 1942 1176 2036 μεμορφωμένον
1190 1934 1249 2008 διό-

260 2098 372 2165 μεινεν,
391 2077 446 2140 οὐκ
469 2072 613 2140 ἀπίθανον
631 2071 667 2148 ἦν
687 2072 768 2151 αὖθις
789 2079 888 2168 ὥσπερ
908 2074 948 2152 εἰς
969 2069 1097 2168 άγαλμα
1118 2077 1174 2149 τὴν
1197 2071 1249 2164 ψυ-

259 2207 317 2297 χὴν
339 2196 504 2272 ὑποδόναι·
523 2196 599 2276 εἰδὲ
618 2212 738 2272 πολλῶν
756 2209 832 2273 ἐτῶν
851 2212 870 2281 η
893 2215 948 2273 τοῦ
965 2209 1106 2298 σώματος
1121 2206 1249 2301 ἁρμονία

257 2339 401 2423 λέλυται,
424 2349 489 2417 πῶς
503 2332 538 2403 ἀν
549 2343 681 2430 ὕστερον
699 2341 783 2424 αὐτῷ
796 2341 949 2430 χρήσαιτο
965 2325 1083 2430 (516);

637 2509 639 2512 -
675 2477 838 2524 Alrrn'roz.

312 2580 344 2664 131
357 2624 414 2664 που
430 2594 489 2688 ἀρα
503 2592 544 2662 τά
558 2599 630 2690 παρ’
644 2602 714 2688 ἡμῖν
738 2599 868 2688 σώματα
883 2583 976 2689 (517)
999 2589 1110 2690 ῥᾳδίως
1123 2591 1249 2664 ἀναόιόι-

260 2752 361 2794 σεται·
375 2733 474 2794 κεῖται
489 2725 547 2820 γὰρ
562 2729 799 2820 τεταριχευμένα
813 2728 864 2795 καὶ
883 2731 958 2824 πρὸς
974 2721 1129 2823 ὑποδοχὴν
1151 2727 1247 2822 ψυχῆς

260 2863 379 2951 ἕτοιμα.

593 2971 595 2987 ¹
672 3000 826 3050 οτειοεοο.

313 3111 358 3202 Ως
379 3125 496 3216 εὔχαρις
520 3129 536 3190 ό
554 3123 712 3216 Αἴγυπτος
734 3112 842 3215 (5ι8)ί
859 3130 875 3191 ό
894 3116 930 3190 δὲ
946 3124 1140 3217 Θεόφραστος
1162 3125 1247 3190 οὔπω

258 3257 439 3330 κατενόησεν
453 3262 492 3334 ὡς
506 3246 592 3322 οὐδὲν
608 3246 742 3348 διαφέρει
756 3258 857 3348 νεκρὸς
872 3248 1024 3348 διαχυθεὶς
1039 3256 1090 3324 καὶ
1108 3257 1249 3344 ἔτισυμ-

259 3389 419 3478 πεπηγώς·
435 3384 545 3478 ὁμοίως
558 3385 616 3480 γὰρ
632 3393 660 3455 ἐν
676 3389 857 3482 ἀμφοτέροις
874 3395 893 3462 ἡ
909 3387 1037 3480 ἁρμονία
1052 3379 1246 3454 διαλέλυται·

259 3518 364 3612 οὐγὰρ
381 3512 415 3584 ἀν
434 3518 586 3592 ἀποσταίη
601 3523 743 3614 σώματος
756 3529 774 3596 ἠ
790 3519 889 3612 ψυχὴ,
909 3521 950 3611 μὴ
965 3529 1020 3597 τῆς
1034 3521 1177 3612 ἁρμονίας
1194 3527 1245 3586 λυ-

260 3649 373 3729 θείσης,
401 3656 477 3717 ὥστε
501 3663 555 3721 τοῦ
580 3657 787 3750 γεγραμμένου
813 3660 828 3720 ό
852 3652 954 3742 νεκρὸς
979 3647 1134 3743 άνθρωπος
1158 3643 1245 3720 οὐδὲν

260 3785 406 3878 ἀμείνων,
426 3786 474 3850 ότι
500 3785 540 3876 μὴ
560 3785 610 3852 καὶ
633 3775 728 3879 (519)
750 3784 967 3876 ἀσθενέστερος.
993 3769 1022 3848 (λ
1041 3785 1094 3876 μὲν
1117 3783 1176 3879 γὰρ
1195 3784 1245 3853 καὶ

261 3921 382 4011 εόχρους
398 3944 431 3984 τε
445 3915 496 3984 καὶ
510 3921 539 3984 ἐν
553 3924 630 4011 ὥρᾳ·
644 3924 660 3984 ό
676 3910 709 3983 δὲ
725 3915 901 3994 ἀπηνθηιιὼς
919 3916 969 3982 καὶ
982 3920 1058 3996 όλιυς
1077 3913 1195 4011 ἔξωρος.
1208 3904 1244 3990 fi

307 4016 311 4047 ί
1041 4016 1053 4042 Ι

717 4241 727 4280 l
