2818 4814
506 467 535 529 Ο
562 463 772 528 ΓΑΖΑΙΟΣ.
1091 465 1132 530 6ο

152 620 189 686 τθ
209 610 330 686 εἴδωλον
350 610 586 710 σχηματίζιτοιι,
600 617 653 686 καί
670 645 700 684 τι
717 619 790 712 πρὸς
804 615 928 691 ἀπάτην
940 620 1136 710 τερατεύεται

151 750 200 818 καὶ
225 751 405 846 ρθίγγεται;
425 751 525 819 ἄλλο
551 755 635 830 ἥλιος
653 747 716 817 οἷνω
735 751 946 844 προσελαύνων
972 755 1026 826 την
1049 749 1137 819 κοίτω

149 885 258 956 σκηνὴν
279 875 395 952 διαλύει
417 873 524 976 (498).
553 882 592 948 Εἰ
612 873 647 948 δὲ
672 878 707 954 ἦν
729 878 896 974 ἀνθρωπίνη
922 879 1018 975 ψυχὴ,
1036 882 1088 950 καὶ
1106 884 1135 950 όν

146 1016 243 1106 ἡμέρᾳ
261 1022 324 1094 τοῖς
338 1001 609 1108 φιλτάτοιςίόρρ)
627 1013 711 1105 ροίλα
723 1004 822 1090 ηδόως
838 1005 1071 1108 προσδιελέγετο
1085 1011 1137 1082 καὶ

145 1109 307 1240 σονδιύιγεν
327 1143 434 1237 θύου).
454 1131 491 1210 (δ’
505 1155 576 1238 γοῦν
595 1145 798 1240 Πυθαγόρας,
818 1147 876 1236 οὐχ
893 1150 909 1211 θ
927 1145 1054 1237 Σείριος,
1071 1143 1138 1213 ἀλλ’

147 1265 295 1353 ὁθόδιος
315 1263 426 1369 (501),
447 1279 564 1368 μέλλων
583 1273 808 1370 ψυχομαντεῖον
824 1266 1048 1368 παραδιδόναι,
1063 1274 1139 1354 τίνες

148 1408 178 1476 οἱ
196 1410 376 1499 καλούμενοι
389 1409 425 1474 τὸ
444 1417 566 1500 πρῶτον
584 1401 735 1495 ἐπιζητεῖ,
752 1409 876 1500 πότερον
894 1408 954 1476 θεοὶ
967 1407 985 1484 ἢ
999 1399 1141 1499 δαίμονες

146 1538 165 1614 ἢ
185 1540 303 1606 τούτων
319 1539 495 1632 ἀπόρροιαι,
515 1541 565 1606 καὶ
579 1541 708 1634 πότερον
726 1531 844 1632 δαίμων
863 1537 904 1620 είς
921 1535 1034 1607 ἄλλοτε
1048 1535 1141 1616 ἄλλος

146 1667 219 1738 εἶναι
238 1664 337 1740 δοκῶν
354 1671 372 1747 ἢ
396 1670 506 1739 πολλοὶ
520 1671 571 1738 καὶ
589 1679 672 1763 σρῶν
696 1676 793 1740 αὐτῶν
814 1663 1023 1765 διαρίροντες,
1044 1672 1072 1740 οἱ
1085 1673 1138 1764 μὲν

144 1808 267 1896 η’ριεροι,
285 1805 313 1871 οἱ
341 1795 372 1869 δ’
393 1801 511 1898 σ’ίγριοι,
530 1804 582 1870 καὶ
602 1804 702 1896 οἱμὲν
727 1805 822 1872 ἐνίοτε
843 1803 962 1879 τάληθῆ
978 1806 1140 1896 λέγοντες,

146 1937 175 2024 οἱ
196 1927 226 2001 δ’
251 1939 327 2014 ὁλως
354 1928 515 2010 κίύδηλοι·
543 1935 733 2010 καὶπολλην
759 1943 819 2004 τῶν
844 1943 983 2004 παλαιῶν
1007 1933 1058 2002 καί
1080 1943 1141 2004 τῶν

71 2075 80 2088 “
147 2071 274 2160 ὕστερον
302 2071 438 2160 ταραχὴν
467 2068 671 2160 ύπογροίρων,
703 2070 790 2146 τέλος
824 2067 963 2159 προίεται
994 2061 1140 2162 δαίμονος

154 2198 320 2289 ἀπόρροιαν
340 2193 413 2262 εἶναι
432 2199 470 2263 τὸ
487 2196 604 2287 ρόσρια.

546 2335 759 2386 ΘΕΟΦΡΑΣΤΟΣ.

203 2463 276 2538 Πῶς
295 2453 346 2526 οὗν
369 2457 496 2550 α’λγνίσει
512 2453 600 2548 ῚῚψυχὴ
619 2459 850 2550 τιμωρουμένη,
867 2456 892 2524 εί
912 2459 950 2528 τὸ
968 2458 1065 2552 ἀέριον
1084 2459 1147 2526 οίνί·

149 2597 256 2683 λοιμον
275 2601 380 2683 σῶρα;
400 2589 506 2684 οὐγὰρ
524 2587 592 2656 οίνεο
612 2592 755 2682 σώματος
770 2590 906 2686 α’λγησει.

569 2731 727 2780 ΕΪΞΙΘΕΟΣ.

202 2835 234 2920 fi
252 2859 353 2932 καλῶς
365 2856 462 2946 λέγεις
485 2881 498 2906 ι
510 2857 566 2920 οὐκ
583 2851 651 2920 οίνευ
672 2855 814 2945 σώματος
827 2879 858 2906 ν·
882 2853 962 2922 ἀλλὰ
980 2857 1018 2923 τὸ
1036 2853 1143 2925 οἰκεῖον

151 2983 338 3075 ἀναλήψεται
361 2986 413 3054 καὶ
437 2985 460 3053 ὧ
479 2997 611 3080 φανερῶς
638 2990 808 3080 ίχρησατο,
830 2990 905 3054 όταν
924 2994 939 3055 ύ
961 2991 1146 3083 τεταγμένος

151 3127 206 3194 τῆς
221 3118 343 3212 κρίσεως
362 3119 468 3220 χρόνος
485 3118 612 3192 καλοίη·
631 3121 664 3186 ού
683 3116 743 3212 γὰρ
762 3116 838 3186 ἄλλο
857 3121 909 3211 μὲν
925 3120 1045 3204 ἤσθιεν,
1068 3115 1143 3186 ἄλλο

153 3238 186 3315 δὲ
208 3249 354 3342 αλγίσει,
377 3244 439 3318 οὐδ’
458 3247 533 3318 ἄλλο
552 3251 606 3343 μὲν
631 3241 780 3333 διηκόνει,
802 3246 879 3318 ἄλλο
902 3242 937 3318 δὲ
959 3248 1033 3344 πρός
1052 3250 1146 3345 κρίσιν

154 3381 309 3477 ἀπάγεται
332 3371 437 3476 (502).

545 3524 759 3576 ΘΕΟΦΡΑΣΤΟΣ.

202 3647 502 3740 ’1’θγηι“νον»λίγεις;
523 3648 602 3739 μέγα
620 3631 737 3739 θαύμαί
758 3645 882 3740 καὶμὴν
900 3648 951 3716 καὶ
968 3640 1148 3735 διαλελοτοι,
1178 3667 1180 3670 ’

128 3793 130 3800 “
153 3778 203 3844 καὶ
222 3769 456 3848 διεσκέδασται·
475 3777 527 3846 καὶ
541 3775 579 3846 τό
593 3779 646 3873 μὲν
660 3782 720 3848 ὑπὸ
737 3791 797 3848 τῶν
815 3779 922 3874 ἰχθύων
939 3774 1147 3872 διατέμνεται,
1204 3845 1208 3855 ,

155 3911 191 3976 τὸ
216 3902 249 3978 δὲ
276 3912 336 3979 ὑπὸ
365 3920 426 3978 τῶν
450 3912 559 4004 ύρνίων
587 3903 874 4005 διασπαράττεται,
897 3911 948 3977 καὶ
976 3910 1076 3978 ταῦτα
1098 3903 1147 4003 ὑφ’
